[
  {
    "URL": "https://www.biedronka.pl/pl/product,id,450396",
    "Title": "Krewetki białe gotowane Marinero, 1 kg - Produkt - Biedronka.pl",
    "Product Unavailable": "",
    "PLN": "49",
    "GR": "99",
    "Amount Info": "/opak.",
    "Description": "",
    "Availability Start": "14.08",
    "Availability End": "16.08",
    "Ceny": {
      "Cena_regularna": "",
      "Cena_promocyjna": "",
      "Jednostka": "",
      "Cena_za_jednostkę": "",
      "Procent_rabat": ""
    },
    "Warianty": {
      "Opcje": "",
      "Limit": ""
    }
  },
  {
    "URL": "https://www.biedronka.pl/pl/product,id,450317",
    "Title": "Piwo bezalkoholowe Żywiec białe 0,0%, 500 ml - Produkt - Biedronka.pl",
    "Product Unavailable": "",
    "PLN": "3",
    "GR": "19",
    "Amount Info": "/but.",
    "Description": "",
    "Availability Start": "14.08",
    "Availability End": "16.08",
    "Ceny": {
      "Cena_regularna": "",
      "Cena_promocyjna": "",
      "Jednostka": "",
      "Cena_za_jednostkę": "",
      "Procent_rabat": ""
    },
    "Warianty": {
      "Opcje": "",
      "Limit": ""
    }
  },
  {
    "URL": "https://www.biedronka.pl/pl/product,id,450397",
    "Title": "Dorsz czarny filet bez skóry, Marinero - Produkt - Biedronka.pl",
    "Product Unavailable": "",
    "PLN": "3",
    "GR": "99",
    "Amount Info": "/100 g",
    "Description": "",
    "Availability Start": "14.08",
    "Availability End": "16.08",
    "Ceny": {
      "Cena_regularna": "",
      "Cena_promocyjna": "",
      "Jednostka": "",
      "Cena_za_jednostkę": "",
      "Procent_rabat": ""
    },
    "Warianty": {
      "Opcje": "",
      "Limit": ""
    }
  },
  {
    "URL": "https://www.biedronka.pl/pl/product,id,450337",
    "Title": "Karma dla kota Maxi Natural, 85 g - Produkt - Biedronka.pl",
    "Product Unavailable": "",
    "PLN": "3",
    "GR": "00",
    "Amount Info": "cena za 1 puszkę przy zakupie 6 puszek",
    "Description": "różne rodzajeCena regularna: 5,99 zł/opak. (70,47 zł/kg), 50% taniejNajniższa cena z 30 dni przed obniżką: 3,89 zł/opak., 22% mniejLimit dzienny 12 opak. na kartę Moja Biedronka.",
    "Availability Start": "14.08",
    "Availability End": "16.08",
    "Ceny": {
      "Cena_regularna": "5.99",
      "Cena_promocyjna": "3.00",
      "Jednostka": "/opak",
      "Cena_za_jednostkę": "",
      "Procent_rabat": "50"
    },
    "Warianty": {
      "Opcje": "",
      "Limit": "12"
    }
  },
  {
    "URL": "https://www.biedronka.pl/pl/product,id,450378",
    "Title": "Ananas na wagę - Produkt - Biedronka.pl",
    "Product Unavailable": "",
    "PLN": "6",
    "GR": "99",
    "Amount Info": "/kg",
    "Description": "",
    "Availability Start": "14.08",
    "Availability End": "16.08",
    "Ceny": {
      "Cena_regularna": "",
      "Cena_promocyjna": "",
      "Jednostka": "",
      "Cena_za_jednostkę": "",
      "Procent_rabat": ""
    },
    "Warianty": {
      "Opcje": "",
      "Limit": ""
    }
  },
  {
    "URL": "https://www.biedronka.pl/pl/product,id,450298",
    "Title": "Przysmak dla psa Dental Stick Activ Pet, 400 g - Produkt - Biedronka.pl",
    "Product Unavailable": "",
    "PLN": "7",
    "GR": "99",
    "Amount Info": "cena za 1 opak. przy zakupie 2 opak.",
    "Description": "różne rodzajeCena regularna: 12,49 zł/opak. (31,23 zł/kg), 36% taniejNajniższa cena z 30 dni przed obniżką: 7,99 zł/opak.",
    "Availability Start": "11.08",
    "Availability End": "16.08",
    "Ceny": {
      "Cena_regularna": "12.49",
      "Cena_promocyjna": "7.99",
      "Jednostka": "/opak",
      "Cena_za_jednostkę": "",
      "Procent_rabat": "36"
    },
    "Warianty": {
      "Opcje": "",
      "Limit": ""
    }
  },
  {
    "URL": "https://www.biedronka.pl/pl/product,id,450417",
    "Title": "Szaszłyk wieprzowy z warzywami Czas na Grill, 400 g - Produkt - Biedronka.pl",
    "Product Unavailable": "",
    "PLN": "16",
    "GR": "99",
    "Amount Info": "/opak.",
    "Description": "",
    "Availability Start": "14.08",
    "Availability End": "16.08",
    "Ceny": {
      "Cena_regularna": "",
      "Cena_promocyjna": "",
      "Jednostka": "",
      "Cena_za_jednostkę": "",
      "Procent_rabat": ""
    },
    "Warianty": {
      "Opcje": "",
      "Limit": ""
    }
  },
  {
    "URL": "https://www.biedronka.pl/pl/product,id,450377",
    "Title": "Awokado Hass, szt. - Produkt - Biedronka.pl",
    "Product Unavailable": "",
    "PLN": "6",
    "GR": "98",
    "Amount Info": "/szt.",
    "Description": "",
    "Availability Start": "14.08",
    "Availability End": "16.08",
    "Ceny": {
      "Cena_regularna": "",
      "Cena_promocyjna": "",
      "Jednostka": "",
      "Cena_za_jednostkę": "",
      "Procent_rabat": ""
    },
    "Warianty": {
      "Opcje": "",
      "Limit": ""
    }
  },
  {
    "URL": "https://www.biedronka.pl/pl/product,id,450437",
    "Title": "Sałatka Orzech, 700 g/360 g - Produkt - Biedronka.pl",
    "Product Unavailable": "",
    "PLN": "6",
    "GR": "49",
    "Amount Info": "/słoik",
    "Description": "cukiniowa, patisonowa",
    "Availability Start": "14.08",
    "Availability End": "16.08",
    "Ceny": {
      "Cena_regularna": "",
      "Cena_promocyjna": "",
      "Jednostka": "",
      "Cena_za_jednostkę": "",
      "Procent_rabat": ""
    },
    "Warianty": {
      "Opcje": "",
      "Limit": ""
    }
  },
  {
    "URL": "https://www.biedronka.pl/pl/product,id,450357",
    "Title": "Karmazyn wędzony tusza - Produkt - Biedronka.pl",
    "Product Unavailable": "",
    "PLN": "3",
    "GR": "49",
    "Amount Info": "/100 g",
    "Description": "Cena regularna: 39,90 zł/kg, 12% taniejCena przed obniżką: 39,90 zł/kg, 12% mniejOferta dostępna w sklepach z ladą tradycyjną.",
    "Availability Start": "14.08",
    "Availability End": "16.08",
    "Ceny": {
      "Cena_regularna": "39.90",
      "Cena_promocyjna": "35.11",
      "Jednostka": "/kg",
      "Cena_za_jednostkę": "",
      "Procent_rabat": "12"
    },
    "Warianty": {
      "Opcje": "",
      "Limit": ""
    }
  },
  {
    "URL": "https://www.biedronka.pl/pl/product,id,450316",
    "Title": "Piwo Amber IPA Tropical 0,0%, 500 ml - Produkt - Biedronka.pl",
    "Product Unavailable": "",
    "PLN": "4",
    "GR": "99",
    "Amount Info": "/but.",
    "Description": "",
    "Availability Start": "14.08",
    "Availability End": "16.08",
    "Ceny": {
      "Cena_regularna": "",
      "Cena_promocyjna": "",
      "Jednostka": "",
      "Cena_za_jednostkę": "",
      "Procent_rabat": ""
    },
    "Warianty": {
      "Opcje": "",
      "Limit": ""
    }
  },
  {
    "URL": "https://www.biedronka.pl/pl/product,id,450338",
    "Title": "Karma dla kota Whiskas, 1,9 kg lub Karma dla kota Whiskas Sterile, 1,75 kg - Produkt - Biedronka.pl",
    "Product Unavailable": "",
    "PLN": "14",
    "GR": "35",
    "Amount Info": "cena za 1 opak. przy zakupie 2 opak.",
    "Description": "tuńczyk, kurczakCena regularna: 28,69 zł/opak. (15,10/16,39 zł/kg), 50% taniejNajniższa cena z 30 dni przed obniżką: 14,35 zł/opak.",
    "Availability Start": "14.08",
    "Availability End": "16.08",
    "Ceny": {
      "Cena_regularna": "28.69",
      "Cena_promocyjna": "14.35",
      "Jednostka": "/opak",
      "Cena_za_jednostkę": "",
      "Procent_rabat": "50"
    },
    "Warianty": {
      "Opcje": "",
      "Limit": ""
    }
  },
  {
    "URL": "https://www.biedronka.pl/pl/product,id,450436",
    "Title": "Ogórki konserwowe Provitus, 640 g/300 g - Produkt - Biedronka.pl",
    "Product Unavailable": "",
    "PLN": "7",
    "GR": "49",
    "Amount Info": "/słoik",
    "Description": "hot chili, kozackie",
    "Availability Start": "14.08",
    "Availability End": "16.08",
    "Ceny": {
      "Cena_regularna": "",
      "Cena_promocyjna": "",
      "Jednostka": "",
      "Cena_za_jednostkę": "",
      "Procent_rabat": ""
    },
    "Warianty": {
      "Opcje": "",
      "Limit": ""
    }
  },
  {
    "URL": "https://www.biedronka.pl/pl/product,id,450297",
    "Title": "Karma dla kota w saszetkach Kitty, 4x100 g - Produkt - Biedronka.pl",
    "Product Unavailable": "",
    "PLN": "4",
    "GR": "29",
    "Amount Info": "cena za 1 opak. przy zakupie 3 opak.",
    "Description": "w sosie, w galaretceCena regularna: 5,99 zł/opak. (14,98 zł/kg), 28% taniejNajniższa cena z 30 dni przed obniżką: 3,99 zł/opak.",
    "Availability Start": "11.08",
    "Availability End": "16.08",
    "Ceny": {
      "Cena_regularna": "5.99",
      "Cena_promocyjna": "4.31",
      "Jednostka": "/opak",
      "Cena_za_jednostkę": "",
      "Procent_rabat": "28"
    },
    "Warianty": {
      "Opcje": "",
      "Limit": ""
    }
  },
  {
    "URL": "https://www.biedronka.pl/pl/product,id,450276",
    "Title": "Woreczki śniadaniowe zawiązywane Zosia, 120 szt. - Produkt - Biedronka.pl",
    "Product Unavailable": "",
    "PLN": "1",
    "GR": "99",
    "Amount Info": "cena za 1 opak. przy zakupie 2 opak.",
    "Description": "Cena regularna: 2,69 zł/opak. (0,02 zł/szt.), 26% taniejNajniższa cena z 30 dni przed obniżką: 1,99 zł/opak.",
    "Availability Start": "11.08",
    "Availability End": "16.08",
    "Ceny": {
      "Cena_regularna": "2.69",
      "Cena_promocyjna": "1.99",
      "Jednostka": "/opak",
      "Cena_za_jednostkę": "",
      "Procent_rabat": "26"
    },
    "Warianty": {
      "Opcje": "",
      "Limit": ""
    }
  },
  {
    "URL": "https://www.biedronka.pl/pl/product,id,450258",
    "Title": "Kaszka ryżowa BoboVita, 270 g lub Kaszka mleczna lub owsianka BoboVita Porcja Zbóż, 210 g - Produkt - Biedronka.pl",
    "Product Unavailable": "",
    "PLN": "7",
    "GR": "99",
    "Amount Info": "cena za 1 opak. przy zakupie 2 opak.",
    "Description": "",
    "Availability Start": "11.08",
    "Availability End": "16.08",
    "Ceny": {
      "Cena_regularna": "",
      "Cena_promocyjna": "",
      "Jednostka": "",
      "Cena_za_jednostkę": "",
      "Procent_rabat": ""
    },
    "Warianty": {
      "Opcje": "",
      "Limit": ""
    }
  },
  {
    "URL": "https://www.biedronka.pl/pl/product,id,450257",
    "Title": "Chrupki Gerber, 35 g - Produkt - Biedronka.pl",
    "Product Unavailable": "",
    "PLN": "8",
    "GR": "99",
    "Amount Info": "cena za 1 opak. przy zakupie 2 opak.",
    "Description": "Cena regularna: 12,49 zł/opak. (356,86 zł/kg), 28% taniejNajniższa cena z 30 dni przed obniżką: 4,66 zł/opak.",
    "Availability Start": "11.08",
    "Availability End": "16.08",
    "Ceny": {
      "Cena_regularna": "12.49",
      "Cena_promocyjna": "8.99",
      "Jednostka": "/opak",
      "Cena_za_jednostkę": "",
      "Procent_rabat": "28"
    },
    "Warianty": {
      "Opcje": "",
      "Limit": ""
    }
  },
  {
    "URL": "https://www.biedronka.pl/pl/product,id,450356",
    "Title": "Roladki z łososia wędzonego - Produkt - Biedronka.pl",
    "Product Unavailable": "",
    "PLN": "6",
    "GR": "99",
    "Amount Info": "/100 g",
    "Description": "Cena regularna: 79,90 zł/kg, 12% taniejCena przed obniżką: 79,90 zł/kg, 12% mniejOferta dostępna w sklepach z ladą tradycyjną.",
    "Availability Start": "14.08",
    "Availability End": "16.08",
    "Ceny": {
      "Cena_regularna": "79.90",
      "Cena_promocyjna": "70.31",
      "Jednostka": "/kg",
      "Cena_za_jednostkę": "",
      "Procent_rabat": "12"
    },
    "Warianty": {
      "Opcje": "",
      "Limit": ""
    }
  },
  {
    "URL": "https://www.biedronka.pl/pl/product,id,450277",
    "Title": "Proszek do prania Ultra, 585 g - Produkt - Biedronka.pl",
    "Product Unavailable": "",
    "PLN": "5",
    "GR": "99",
    "Amount Info": "cena za 1 opak. przy zakupie 2 opak.",
    "Description": "do białych i jasnych, do kolorowychCena regularna: 7,99 zł/opak. (13,66 zł/kg), 25% taniejNajniższa cena z 30 dni przed obniżką: 5,99 zł/opak.",
    "Availability Start": "11.08",
    "Availability End": "16.08",
    "Ceny": {
      "Cena_regularna": "7.99",
      "Cena_promocyjna": "5.99",
      "Jednostka": "/opak",
      "Cena_za_jednostkę": "",
      "Procent_rabat": "25"
    },
    "Warianty": {
      "Opcje": "",
      "Limit": ""
    }
  },
  {
    "URL": "https://www.biedronka.pl/pl/product,id,450237",
    "Title": "Pasta do zębów Colgate Total, 75 ml - Produkt - Biedronka.pl",
    "Product Unavailable": "",
    "PLN": "6",
    "GR": "99",
    "Amount Info": "cena za 1 opak. przy zakupie 2 opak.",
    "Description": "różne rodzajeCena regularna: 9,99 zł/opak. (133,20 zł/l), 30% taniejNajniższa cena z 30 dni przed obniżką: 4,83 zł/opak.",
    "Availability Start": "11.08",
    "Availability End": "16.08",
    "Ceny": {
      "Cena_regularna": "9.99",
      "Cena_promocyjna": "6.99",
      "Jednostka": "/opak",
      "Cena_za_jednostkę": "",
      "Procent_rabat": "30"
    },
    "Warianty": {
      "Opcje": "",
      "Limit": ""
    }
  },
  {
    "URL": "https://www.biedronka.pl/pl/product,id,450418",
    "Title": "Szaszłyk drobiowy z chorizo Czas na Grill, 390 g - Produkt - Biedronka.pl",
    "Product Unavailable": "",
    "PLN": "16",
    "GR": "99",
    "Amount Info": "/opak.",
    "Description": "",
    "Availability Start": "14.08",
    "Availability End": "16.08",
    "Ceny": {
      "Cena_regularna": "",
      "Cena_promocyjna": "",
      "Jednostka": "",
      "Cena_za_jednostkę": "",
      "Procent_rabat": ""
    },
    "Warianty": {
      "Opcje": "",
      "Limit": ""
    }
  },
  {
    "URL": "https://www.biedronka.pl/pl/product,id,450238",
    "Title": "Pasta do zębów Sensodyne Kompletna Ochrona, 75 ml - Produkt - Biedronka.pl",
    "Product Unavailable": "",
    "PLN": "16",
    "GR": "99",
    "Amount Info": "cena za 1 opak. przy zakupie 2 opak.",
    "Description": "Cena regularna: 21,99 zł/opak. (293,20 zł/l), 22% taniejNajniższa cena z 30 dni przed obniżką: 11,00 zł/opak.",
    "Availability Start": "11.08",
    "Availability End": "16.08",
    "Ceny": {
      "Cena_regularna": "21.99",
      "Cena_promocyjna": "17.15",
      "Jednostka": "/opak",
      "Cena_za_jednostkę": "",
      "Procent_rabat": "22"
    },
    "Warianty": {
      "Opcje": "",
      "Limit": ""
    }
  },
  {
    "URL": "https://www.biedronka.pl/pl/product,id,450358",
    "Title": "Boczek wieprzowy bez kości i skóry pakowany próżniowo Kraina Mięs - Produkt - Biedronka.pl",
    "Product Unavailable": "",
    "PLN": "11",
    "GR": "99",
    "Amount Info": "/kg",
    "Description": "Cena regularna: 19,99 zł/kg, 40% taniejCena przed obniżką: 19,99 zł/kg, 40% mniejOferta dostępna w sklepach bez lady tradycyjnej.",
    "Availability Start": "14.08",
    "Availability End": "16.08",
    "Ceny": {
      "Cena_regularna": "19.99",
      "Cena_promocyjna": "11.99",
      "Jednostka": "/kg",
      "Cena_za_jednostkę": "",
      "Procent_rabat": "40"
    },
    "Warianty": {
      "Opcje": "",
      "Limit": ""
    }
  },
  {
    "URL": "https://www.biedronka.pl/pl/product,id,450300",
    "Title": "Żwirek silikonowy dla kotów Kitty, 3,8 l - Produkt - Biedronka.pl",
    "Product Unavailable": "",
    "PLN": "13",
    "GR": "99",
    "Amount Info": "cena za 1 opak. przy zakupie 2 opak.",
    "Description": "Cena regularna: 21,99 zł/opak. (5,79 zł/kg), 36% taniejNajniższa cena z 30 dni przed obniżką: 21,99 zł/opak., 36% mniej",
    "Availability Start": "11.08",
    "Availability End": "16.08",
    "Ceny": {
      "Cena_regularna": "21.99",
      "Cena_promocyjna": "14.07",
      "Jednostka": "/opak",
      "Cena_za_jednostkę": "",
      "Procent_rabat": "36"
    },
    "Warianty": {
      "Opcje": "",
      "Limit": ""
    }
  },
  {
    "URL": "https://www.biedronka.pl/pl/product,id,450239",
    "Title": "Pasta do zębów Blend-a-med Extra XXL, 125 ml - Produkt - Biedronka.pl",
    "Product Unavailable": "",
    "PLN": "6",
    "GR": "49",
    "Amount Info": "cena za 1 opak. przy zakupie 2 opak.",
    "Description": "różne rodzajeCena regularna: 8,49 zł/opak. (67,92 zł/l), 23% taniejNajniższa cena z 30 dni przed obniżką: 5,66 zł/opak.",
    "Availability Start": "11.08",
    "Availability End": "16.08",
    "Ceny": {
      "Cena_regularna": "8.49",
      "Cena_promocyjna": "6.54",
      "Jednostka": "/opak",
      "Cena_za_jednostkę": "",
      "Procent_rabat": "23"
    },
    "Warianty": {
      "Opcje": "",
      "Limit": ""
    }
  },
  {
    "URL": "https://www.biedronka.pl/pl/product,id,450299",
    "Title": "Sucha karma dla kota Purina One, 1,5 kg - Produkt - Biedronka.pl",
    "Product Unavailable": "",
    "PLN": "29",
    "GR": "99",
    "Amount Info": "cena za 1 opak. przy zakupie 2 opak.",
    "Description": "różne rodzajeCena regularna: 39,99 zł/opak. (26,66 zł/kg), 25% taniejNajniższa cena z 30 dni przed obniżką: 29,99 zł/opak.",
    "Availability Start": "11.08",
    "Availability End": "16.08",
    "Ceny": {
      "Cena_regularna": "39.99",
      "Cena_promocyjna": "29.99",
      "Jednostka": "/opak",
      "Cena_za_jednostkę": "",
      "Procent_rabat": "25"
    },
    "Warianty": {
      "Opcje": "",
      "Limit": ""
    }
  },
  {
    "URL": "https://www.biedronka.pl/pl/product,id,450399",
    "Title": "Łosoś atlantycki dzwonko Marinero - Produkt - Biedronka.pl",
    "Product Unavailable": "",
    "PLN": "6",
    "GR": "49",
    "Amount Info": "/100 g",
    "Description": "",
    "Availability Start": "14.08",
    "Availability End": "16.08",
    "Ceny": {
      "Cena_regularna": "",
      "Cena_promocyjna": "",
      "Jednostka": "",
      "Cena_za_jednostkę": "",
      "Procent_rabat": ""
    },
    "Warianty": {
      "Opcje": "",
      "Limit": ""
    }
  },
  {
    "URL": "https://www.biedronka.pl/pl/product,id,450339",
    "Title": "Gulasz z łopatki wieprzowej, 400 g - Produkt - Biedronka.pl",
    "Product Unavailable": "",
    "PLN": "9",
    "GR": "99",
    "Amount Info": "/opak.",
    "Description": "Oferta dostępna w sklepach bez lady tradycyjnej.",
    "Availability Start": "14.08",
    "Availability End": "16.08",
    "Ceny": {
      "Cena_regularna": "",
      "Cena_promocyjna": "",
      "Jednostka": "",
      "Cena_za_jednostkę": "",
      "Procent_rabat": ""
    },
    "Warianty": {
      "Opcje": "",
      "Limit": ""
    }
  },
  {
    "URL": "https://www.biedronka.pl/pl/product,id,450359",
    "Title": "Paski z fileta z kurczaka, 400 g - Produkt - Biedronka.pl",
    "Product Unavailable": "",
    "PLN": "12",
    "GR": "99",
    "Amount Info": "cena za 1 opak. przy zakupie 2 opak.",
    "Description": "Cena regularna: 14,99 zł/opak. (37,48 zł/kg), 13% taniejCena przed obniżką: 14,99 zł/opak., 13% mniejOferta dostępna w sklepach bez lady tradycyjnej.",
    "Availability Start": "14.08",
    "Availability End": "16.08",
    "Ceny": {
      "Cena_regularna": "14.99",
      "Cena_promocyjna": "13.04",
      "Jednostka": "/opak",
      "Cena_za_jednostkę": "",
      "Procent_rabat": "13"
    },
    "Warianty": {
      "Opcje": "",
      "Limit": ""
    }
  },
  {
    "URL": "https://www.biedronka.pl/pl/product,id,450318",
    "Title": "Piwo bezalkoholowe Desperados Lemon 0,0%, 400 ml - Produkt - Biedronka.pl",
    "Product Unavailable": "Upłynął termin obowiązywania oferty",
    "PLN": "",
    "GR": "",
    "Amount Info": "",
    "Description": "",
    "Availability Start": "",
    "Availability End": "",
    "Ceny": {
      "Cena_regularna": "",
      "Cena_promocyjna": "",
      "Jednostka": "",
      "Cena_za_jednostkę": "",
      "Procent_rabat": ""
    },
    "Warianty": {
      "Opcje": "",
      "Limit": ""
    }
  },
  {
    "URL": "https://www.biedronka.pl/pl/product,id,450379",
    "Title": "Jabłka wczesne na wagę - Produkt - Biedronka.pl",
    "Product Unavailable": "",
    "PLN": "6",
    "GR": "99",
    "Amount Info": "/kg",
    "Description": "różne rodzaje",
    "Availability Start": "14.08",
    "Availability End": "16.08",
    "Ceny": {
      "Cena_regularna": "",
      "Cena_promocyjna": "",
      "Jednostka": "",
      "Cena_za_jednostkę": "",
      "Procent_rabat": ""
    },
    "Warianty": {
      "Opcje": "",
      "Limit": ""
    }
  },
  {
    "URL": "https://www.biedronka.pl/pl/product,id,450319",
    "Title": "Jaja z chowu ściółkowego Moja Kurka, rozmiar M, 10 szt. - Produkt - Biedronka.pl",
    "Product Unavailable": "",
    "PLN": "8",
    "GR": "24",
    "Amount Info": "cena za 1 opak. przy zakupie 2 opak.",
    "Description": "Cena regularna: 10,99 zł/opak., (1,10 zł/szt.), 25% taniejNajniższa cena z 30 dni przed obniżką: 7,49 zł/opak.Limit dzienny 4 opak. na kartę Moja Biedronka.",
    "Availability Start": "14.08",
    "Availability End": "16.08",
    "Ceny": {
      "Cena_regularna": "10.99",
      "Cena_promocyjna": "8.24",
      "Jednostka": "/opak",
      "Cena_za_jednostkę": "",
      "Procent_rabat": "25"
    },
    "Warianty": {
      "Opcje": "",
      "Limit": "4"
    }
  },
  {
    "URL": "https://www.biedronka.pl/pl/product,id,450439",
    "Title": "Musztarda American Foodie, 200 g - Produkt - Biedronka.pl",
    "Product Unavailable": "",
    "PLN": "3",
    "GR": "49",
    "Amount Info": "/słoik",
    "Description": "amerykańska, z miodem",
    "Availability Start": "14.08",
    "Availability End": "20.08",
    "Ceny": {
      "Cena_regularna": "",
      "Cena_promocyjna": "",
      "Jednostka": "",
      "Cena_za_jednostkę": "",
      "Procent_rabat": ""
    },
    "Warianty": {
      "Opcje": "",
      "Limit": ""
    }
  },
  {
    "URL": "https://www.biedronka.pl/pl/product,id,450419",
    "Title": "Skrzydełka z kurczaka w marynacie hot honey Czas na Grill, 500 g - Produkt - Biedronka.pl",
    "Product Unavailable": "",
    "PLN": "7",
    "GR": "99",
    "Amount Info": "cena za 1 opak. przy zakupie 2 opak.",
    "Description": "Cena regularna: 9,99 zł/opak. (19,98 zł/kg), 20% taniejCena przed obniżką: 9,99 zł/opak., 20% mniej",
    "Availability Start": "14.08",
    "Availability End": "16.08",
    "Ceny": {
      "Cena_regularna": "9.99",
      "Cena_promocyjna": "7.99",
      "Jednostka": "/opak",
      "Cena_za_jednostkę": "",
      "Procent_rabat": "20"
    },
    "Warianty": {
      "Opcje": "",
      "Limit": ""
    }
  },
  {
    "URL": "https://www.biedronka.pl/pl/product,id,450438",
    "Title": "Koreczki z ogórków Urbanek, 500 g/ 250 g - Produkt - Biedronka.pl",
    "Product Unavailable": "",
    "PLN": "5",
    "GR": "99",
    "Amount Info": "/słoik",
    "Description": "różne rodzaje",
    "Availability Start": "14.08",
    "Availability End": "16.08",
    "Ceny": {
      "Cena_regularna": "",
      "Cena_promocyjna": "",
      "Jednostka": "",
      "Cena_za_jednostkę": "",
      "Procent_rabat": ""
    },
    "Warianty": {
      "Opcje": "",
      "Limit": ""
    }
  },
  {
    "URL": "https://www.biedronka.pl/pl/product,id,450278",
    "Title": "Kostka do WC Agent Max BIO, 3x50 g lub Agent Max, 4x50 g - Produkt - Biedronka.pl",
    "Product Unavailable": "",
    "PLN": "4",
    "GR": "79",
    "Amount Info": "cena za 1 opak. przy zakupie 2 opak.",
    "Description": "różne rodzajeCena regularna: 5,99 zł/opak. (39,93/29,95 zł/kg), 20% taniejNajniższa cena z 30 dni przed obniżką: 4,49 zł/opak.",
    "Availability Start": "11.08",
    "Availability End": "16.08",
    "Ceny": {
      "Cena_regularna": "5.99",
      "Cena_promocyjna": "4.79",
      "Jednostka": "/opak",
      "Cena_za_jednostkę": "",
      "Procent_rabat": "20"
    },
    "Warianty": {
      "Opcje": "",
      "Limit": ""
    }
  },
  {
    "URL": "https://www.biedronka.pl/pl/product,id,450259",
    "Title": "Mus dla dzieci ze zbożami lub kokosem Bio Dada Baby Food, 90 g - Produkt - Biedronka.pl",
    "Product Unavailable": "",
    "PLN": "2",
    "GR": "29",
    "Amount Info": "cena za 1 opak. przy zakupie 2 opak.",
    "Description": "różne rodzajeCena regularna: 3,19 zł/opak. (35,44 zł/kg), 28% taniejNajniższa cena z 30 dni przed obniżką: 1,99 zł/opak.",
    "Availability Start": "11.08",
    "Availability End": "16.08",
    "Ceny": {
      "Cena_regularna": "3.19",
      "Cena_promocyjna": "2.30",
      "Jednostka": "/opak",
      "Cena_za_jednostkę": "",
      "Procent_rabat": "28"
    },
    "Warianty": {
      "Opcje": "",
      "Limit": ""
    }
  },
  {
    "URL": "https://www.biedronka.pl/pl/product,id,450279",
    "Title": "Zawieszka do WC Active Ball Agent Max, 3x35 g - Produkt - Biedronka.pl",
    "Product Unavailable": "",
    "PLN": "7",
    "GR": "99",
    "Amount Info": "cena za 1 opak. przy zakupie 2 opak.",
    "Description": "różne rodzajeCena regularna: 10,49 zł/opak. (99,91 zł/kg), 23% taniejNajniższa cena z 30 dni przed obniżką: 7,87 zł/opak.",
    "Availability Start": "11.08",
    "Availability End": "16.08",
    "Ceny": {
      "Cena_regularna": "10.49",
      "Cena_promocyjna": "8.08",
      "Jednostka": "/opak",
      "Cena_za_jednostkę": "",
      "Procent_rabat": "23"
    },
    "Warianty": {
      "Opcje": "",
      "Limit": ""
    }
  },
  {
    "URL": "https://www.biedronka.pl/pl/product,id,450340",
    "Title": "Skrzydełka z kurczaka Kraina Mięs Mega Paka - Produkt - Biedronka.pl",
    "Product Unavailable": "",
    "PLN": "8",
    "GR": "99",
    "Amount Info": "/kg",
    "Description": "Cena regularna: 11,45 zł/kg, 21% taniejCena przed obniżką: 11,45 zł/kg, 21% mniejOferta dostępna w sklepach bez lady tradycyjnej.",
    "Availability Start": "14.08",
    "Availability End": "16.08",
    "Ceny": {
      "Cena_regularna": "11.45",
      "Cena_promocyjna": "9.05",
      "Jednostka": "/kg",
      "Cena_za_jednostkę": "",
      "Procent_rabat": "21"
    },
    "Warianty": {
      "Opcje": "",
      "Limit": ""
    }
  },
  {
    "URL": "https://www.biedronka.pl/pl/product,id,450398",
    "Title": "Krewetka biała gotowana Superfish, 200 g - Produkt - Biedronka.pl",
    "Product Unavailable": "",
    "PLN": "19",
    "GR": "99",
    "Amount Info": "/opak.",
    "Description": "",
    "Availability Start": "14.08",
    "Availability End": "16.08",
    "Ceny": {
      "Cena_regularna": "",
      "Cena_promocyjna": "",
      "Jednostka": "",
      "Cena_za_jednostkę": "",
      "Procent_rabat": ""
    },
    "Warianty": {
      "Opcje": "",
      "Limit": ""
    }
  },
  {
    "URL": "https://www.biedronka.pl/pl/product,id,450260",
    "Title": "Żel 2w1/mleczko NIVEA Baby, 500 ml - Produkt - Biedronka.pl",
    "Product Unavailable": "",
    "PLN": "19",
    "GR": "99",
    "Amount Info": "cena za 1 opak. przy zakupie 2 opak.",
    "Description": "różne rodzajeCena regularna: 29,99 zł/opak. (59,98 zł/l), 33% taniejNajniższa cena z 30 dni przed obniżką: 19,99 zł/opak.",
    "Availability Start": "11.08",
    "Availability End": "16.08",
    "Ceny": {
      "Cena_regularna": "29.99",
      "Cena_promocyjna": "20.09",
      "Jednostka": "/opak",
      "Cena_za_jednostkę": "",
      "Procent_rabat": "33"
    },
    "Warianty": {
      "Opcje": "",
      "Limit": ""
    }
  },
  {
    "URL": "https://www.biedronka.pl/pl/product,id,450256",
    "Title": "Batonik owocowy lub muesli HiPP Bio, 20 g-23 g - Produkt - Biedronka.pl",
    "Product Unavailable": "",
    "PLN": "2",
    "GR": "99",
    "Amount Info": "cena za 1 opak. przy zakupie 3 opak.",
    "Description": "różne rodzajeCena regularna: 3,79 zł/opak. (189,50-164,78 zł/kg), 21% taniejNajniższa cena z 30 dni przed obniżką: 2,79 zł/opak.",
    "Availability Start": "11.08",
    "Availability End": "16.08",
    "Ceny": {
      "Cena_regularna": "3.79",
      "Cena_promocyjna": "2.99",
      "Jednostka": "/opak",
      "Cena_za_jednostkę": "",
      "Procent_rabat": "21"
    },
    "Warianty": {
      "Opcje": "",
      "Limit": ""
    }
  },
  {
    "URL": "https://www.biedronka.pl/pl/product,id,450380",
    "Title": "Kurki, opak. 200 g - Produkt - Biedronka.pl",
    "Product Unavailable": "",
    "PLN": "8",
    "GR": "49",
    "Amount Info": "cena za 1 opak. przy zakupie 2 opak.",
    "Description": "Cena regularna: 16,98 zł/opak. (84,90 zł/kg), 50% taniejCena przed obniżką: 16,98 zł/opak., 50% mniej",
    "Availability Start": "14.08",
    "Availability End": "16.08",
    "Ceny": {
      "Cena_regularna": "16.98",
      "Cena_promocyjna": "8.49",
      "Jednostka": "/opak",
      "Cena_za_jednostkę": "",
      "Procent_rabat": "50"
    },
    "Warianty": {
      "Opcje": "",
      "Limit": ""
    }
  },
  {
    "URL": "https://www.biedronka.pl/pl/product,id,450420",
    "Title": "Skrzydełka z kurczaka po gruzińsku Czas na Grill, 500 g - Produkt - Biedronka.pl",
    "Product Unavailable": "",
    "PLN": "7",
    "GR": "99",
    "Amount Info": "cena za 1 opak. przy zakupie 2 opak.",
    "Description": "Cena regularna: 9,99 zł/opak. (19,98 zł/kg), 20% taniejCena przed obniżką: 9,99 zł/opak., 20% mniej",
    "Availability Start": "14.08",
    "Availability End": "16.08",
    "Ceny": {
      "Cena_regularna": "9.99",
      "Cena_promocyjna": "7.99",
      "Jednostka": "/opak",
      "Cena_za_jednostkę": "",
      "Procent_rabat": "20"
    },
    "Warianty": {
      "Opcje": "",
      "Limit": ""
    }
  },
  {
    "URL": "https://www.biedronka.pl/pl/product,id,450240",
    "Title": "Pasta do zębów Aquafresh Kids, 50 ml - Produkt - Biedronka.pl",
    "Product Unavailable": "",
    "PLN": "6",
    "GR": "99",
    "Amount Info": "cena za 1 opak. przy zakupie 2 opak.",
    "Description": "różne rodzajeCena regularna: 8,99 zł/opak. (179,80 zł/l), 22% taniejNajniższa cena z 30 dni przed obniżką: 5,30 zł/opak.",
    "Availability Start": "11.08",
    "Availability End": "16.08",
    "Ceny": {
      "Cena_regularna": "8.99",
      "Cena_promocyjna": "7.01",
      "Jednostka": "/opak",
      "Cena_za_jednostkę": "",
      "Procent_rabat": "22"
    },
    "Warianty": {
      "Opcje": "",
      "Limit": ""
    }
  },
  {
    "URL": "https://www.biedronka.pl/pl/product,id,450381",
    "Title": "Papryka polska słodka czerwona na wagę - Produkt - Biedronka.pl",
    "Product Unavailable": "",
    "PLN": "4",
    "GR": "99",
    "Amount Info": "/kg",
    "Description": "Cena regularna: 9,99 zł/kg, 50% taniejCena przed obniżką: 9,99 zł/kg, 50% mniej",
    "Availability Start": "14.08",
    "Availability End": "16.08",
    "Ceny": {
      "Cena_regularna": "9.99",
      "Cena_promocyjna": "5.00",
      "Jednostka": "/kg",
      "Cena_za_jednostkę": "",
      "Procent_rabat": "50"
    },
    "Warianty": {
      "Opcje": "",
      "Limit": ""
    }
  },
  {
    "URL": "https://www.biedronka.pl/pl/product,id,450421",
    "Title": "Karkówka grillowa American BBQ Czas na Grill - Produkt - Biedronka.pl",
    "Product Unavailable": "",
    "PLN": "29",
    "GR": "99",
    "Amount Info": "/kg",
    "Description": "",
    "Availability Start": "14.08",
    "Availability End": "16.08",
    "Ceny": {
      "Cena_regularna": "",
      "Cena_promocyjna": "",
      "Jednostka": "",
      "Cena_za_jednostkę": "",
      "Procent_rabat": ""
    },
    "Warianty": {
      "Opcje": "",
      "Limit": ""
    }
  },
  {
    "URL": "https://www.biedronka.pl/pl/product,id,450361",
    "Title": "Żeberka wieprzowe paski pakowane próżniowo Kraina Mięs - Produkt - Biedronka.pl",
    "Product Unavailable": "",
    "PLN": "19",
    "GR": "99",
    "Amount Info": "/kg",
    "Description": "Cena regularna: 23,99 zł/kg, 16% taniejCena przed obniżką: 23,99 zł/kg, 16% mniejOferta dostępna w sklepach bez lady tradycyjnej.",
    "Availability Start": "14.08",
    "Availability End": "16.08",
    "Ceny": {
      "Cena_regularna": "23.99",
      "Cena_promocyjna": "20.15",
      "Jednostka": "/kg",
      "Cena_za_jednostkę": "",
      "Procent_rabat": "16"
    },
    "Warianty": {
      "Opcje": "",
      "Limit": ""
    }
  },
  {
    "URL": "https://www.biedronka.pl/pl/product,id,450440",
    "Title": "Sos BBQ American Foodie, 475 g/490 g - Produkt - Biedronka.pl",
    "Product Unavailable": "",
    "PLN": "6",
    "GR": "49",
    "Amount Info": "/opak.",
    "Description": "original, chipotle",
    "Availability Start": "14.08",
    "Availability End": "20.08",
    "Ceny": {
      "Cena_regularna": "",
      "Cena_promocyjna": "",
      "Jednostka": "",
      "Cena_za_jednostkę": "",
      "Procent_rabat": ""
    },
    "Warianty": {
      "Opcje": "",
      "Limit": ""
    }
  },
  {
    "URL": "https://www.biedronka.pl/pl/product,id,450341",
    "Title": "Burger iberyjski El Pozo, 240 g - Produkt - Biedronka.pl",
    "Product Unavailable": "",
    "PLN": "8",
    "GR": "49",
    "Amount Info": "/opak.",
    "Description": "Cena regularna: 9,99 zł/opak., 15% taniejCena przed obniżką: 9,99 zł/opak., 15% mniejOferta dostępna w sklepach bez lady tradycyjnej.",
    "Availability Start": "14.08",
    "Availability End": "16.08",
    "Ceny": {
      "Cena_regularna": "9.99",
      "Cena_promocyjna": "8.49",
      "Jednostka": "/opak",
      "Cena_za_jednostkę": "",
      "Procent_rabat": "15"
    },
    "Warianty": {
      "Opcje": "",
      "Limit": ""
    }
  },
  {
    "URL": "https://www.biedronka.pl/pl/product,id,450360",
    "Title": "Mięso mielone z indyka na kotlety Kraina Mięs, 500 g - Produkt - Biedronka.pl",
    "Product Unavailable": "",
    "PLN": "8",
    "GR": "99",
    "Amount Info": "cena za 1 opak. przy zakupie 2 opak.",
    "Description": "Cena regularna: 12,49 zł/opak. (24,98 zł/kg), 28% taniejCena przed obniżką: 12,49 zł/opak., 28% mniejOferta dostępna w sklepach bez lady tradycyjnej.",
    "Availability Start": "14.08",
    "Availability End": "16.08",
    "Ceny": {
      "Cena_regularna": "12.49",
      "Cena_promocyjna": "8.99",
      "Jednostka": "/opak",
      "Cena_za_jednostkę": "",
      "Procent_rabat": "28"
    },
    "Warianty": {
      "Opcje": "",
      "Limit": ""
    }
  },
  {
    "URL": "https://www.biedronka.pl/pl/product,id,450320",
    "Title": "Cukier biały, 1 kg - Produkt - Biedronka.pl",
    "Product Unavailable": "",
    "PLN": "1",
    "GR": "45",
    "Amount Info": "cena za 1 opak. przy zakupie 10 opak.",
    "Description": "Sweet Family, Polski Cukier, Diamant, KrólewskiCena regularna: 2,89 zł/opak., 50% taniejNajniższa cena z 30 dni przed obniżką: 1,45 zł/opak.Limit dzienny 20 opak. na kartę Moja Biedronka.",
    "Availability Start": "14.08",
    "Availability End": "16.08",
    "Ceny": {
      "Cena_regularna": "2.89",
      "Cena_promocyjna": "1.45",
      "Jednostka": "/opak",
      "Cena_za_jednostkę": "",
      "Procent_rabat": "50"
    },
    "Warianty": {
      "Opcje": "",
      "Limit": "20"
    }
  },
  {
    "URL": "https://www.biedronka.pl/pl/product,id,450401",
    "Title": "Świeży pstrąg tęczowy patroszony Marinero - Produkt - Biedronka.pl",
    "Product Unavailable": "",
    "PLN": "2",
    "GR": "49",
    "Amount Info": "/100 g",
    "Description": "Cena regularna: 36,60 zł/kg, 31% taniejCena przed obniżką: 36,60 zł/kg, 31% mniej",
    "Availability Start": "14.08",
    "Availability End": "16.08",
    "Ceny": {
      "Cena_regularna": "36.60",
      "Cena_promocyjna": "25.25",
      "Jednostka": "/kg",
      "Cena_za_jednostkę": "",
      "Procent_rabat": "31"
    },
    "Warianty": {
      "Opcje": "",
      "Limit": ""
    }
  },
  {
    "URL": "https://www.biedronka.pl/pl/product,id,450342",
    "Title": "Stek wołowy z rozbratla - Produkt - Biedronka.pl",
    "Product Unavailable": "",
    "PLN": "5",
    "GR": "29",
    "Amount Info": "/100 g",
    "Description": "Oferta dostępna w sklepach bez lady tradycyjnej.",
    "Availability Start": "14.08",
    "Availability End": "16.08",
    "Ceny": {
      "Cena_regularna": "",
      "Cena_promocyjna": "",
      "Jednostka": "",
      "Cena_za_jednostkę": "",
      "Procent_rabat": ""
    },
    "Warianty": {
      "Opcje": "",
      "Limit": ""
    }
  },
  {
    "URL": "https://www.biedronka.pl/pl/product,id,450280",
    "Title": "Kapsułki do prania Ultra, 36 szt. - Produkt - Biedronka.pl",
    "Product Unavailable": "",
    "PLN": "19",
    "GR": "99",
    "Amount Info": "cena za 1 opak. przy zakupie 2 opak.",
    "Description": "różne rodzajeCena regularna: 23,99 zł/opak. (0,67 zł/szt.), 16% taniejNajniższa cena z 30 dni przed obniżką: 19,99 zł/opak.",
    "Availability Start": "11.08",
    "Availability End": "16.08",
    "Ceny": {
      "Cena_regularna": "23.99",
      "Cena_promocyjna": "20.15",
      "Jednostka": "/opak",
      "Cena_za_jednostkę": "",
      "Procent_rabat": "16"
    },
    "Warianty": {
      "Opcje": "",
      "Limit": ""
    }
  },
  {
    "URL": "https://www.biedronka.pl/pl/product,id,450302",
    "Title": "Woda lekko gazowana Żywiec Zdrój Minerals, 1,2 l - Produkt - Biedronka.pl",
    "Product Unavailable": "",
    "PLN": "1",
    "GR": "99",
    "Amount Info": "cena za 1 but. przy zakupie 2 but.",
    "Description": "Cena regularna: 2,99 zł/but. (2,49 zł/l), 33% taniejNajniższa cena z 30 dni przed obniżką: 2,99 zł/but., 33% mniej",
    "Availability Start": "11.08",
    "Availability End": "16.08",
    "Ceny": {
      "Cena_regularna": "2.99",
      "Cena_promocyjna": "2.00",
      "Jednostka": "/but",
      "Cena_za_jednostkę": "",
      "Procent_rabat": "33"
    },
    "Warianty": {
      "Opcje": "",
      "Limit": ""
    }
  },
  {
    "URL": "https://www.biedronka.pl/pl/product,id,450241",
    "Title": "Szczoteczki dla dzieci Jordan, 1/2 szt. - Produkt - Biedronka.pl",
    "Product Unavailable": "",
    "PLN": "7",
    "GR": "99",
    "Amount Info": "cena za 1 opak. przy zakupie 2 opak.",
    "Description": "",
    "Availability Start": "11.08",
    "Availability End": "16.08",
    "Ceny": {
      "Cena_regularna": "",
      "Cena_promocyjna": "",
      "Jednostka": "",
      "Cena_za_jednostkę": "",
      "Procent_rabat": ""
    },
    "Warianty": {
      "Opcje": "",
      "Limit": ""
    }
  },
  {
    "URL": "https://www.biedronka.pl/pl/product,id,450301",
    "Title": "Sucha karma dla kota Kitty, 2 kg - Produkt - Biedronka.pl",
    "Product Unavailable": "",
    "PLN": "9",
    "GR": "99",
    "Amount Info": "cena za 1 opak. przy zakupie 2 opak.",
    "Description": "różne rodzajeCena regularna: 13,49 zł/opak. (6,75 zł/kg), 25% taniejNajniższa cena z 30 dni przed obniżką: 9,99 zł/opak.",
    "Availability Start": "11.08",
    "Availability End": "16.08",
    "Ceny": {
      "Cena_regularna": "13.49",
      "Cena_promocyjna": "10.12",
      "Jednostka": "/opak",
      "Cena_za_jednostkę": "",
      "Procent_rabat": "25"
    },
    "Warianty": {
      "Opcje": "",
      "Limit": ""
    }
  },
  {
    "URL": "https://www.biedronka.pl/pl/product,id,450261",
    "Title": "Płatki kosmetyczne dla niemowląt Dada Everyday, 60 szt. - Produkt - Biedronka.pl",
    "Product Unavailable": "",
    "PLN": "4",
    "GR": "89",
    "Amount Info": "cena za 1 opak. przy zakupie 2 opak.",
    "Description": "Cena regularna: 7,89 zł/opak. (0,13 zł/szt.), 38% taniejNajniższa cena z 30 dni przed obniżką: 4,89 zł/opak.",
    "Availability Start": "11.08",
    "Availability End": "16.08",
    "Ceny": {
      "Cena_regularna": "7.89",
      "Cena_promocyjna": "4.89",
      "Jednostka": "/opak",
      "Cena_za_jednostkę": "",
      "Procent_rabat": "38"
    },
    "Warianty": {
      "Opcje": "",
      "Limit": ""
    }
  },
  {
    "URL": "https://www.biedronka.pl/pl/product,id,450400",
    "Title": "Łosoś Coho rodzinna porcja Marinero - Produkt - Biedronka.pl",
    "Product Unavailable": "",
    "PLN": "4",
    "GR": "99",
    "Amount Info": "/100 g",
    "Description": "Cena regularna: 59,90 zł/kg, 16% taniejCena przed obniżką: 59,90 zł/kg, 16% mniej",
    "Availability Start": "14.08",
    "Availability End": "16.08",
    "Ceny": {
      "Cena_regularna": "59.90",
      "Cena_promocyjna": "50.32",
      "Jednostka": "/kg",
      "Cena_za_jednostkę": "",
      "Procent_rabat": "16"
    },
    "Warianty": {
      "Opcje": "",
      "Limit": ""
    }
  },
  {
    "URL": "https://www.biedronka.pl/pl/product,id,450281",
    "Title": "Chusteczki dezynfekujące Mr Magic, 40 szt. - Produkt - Biedronka.pl",
    "Product Unavailable": "",
    "PLN": "4",
    "GR": "49",
    "Amount Info": "cena za 1 opak. przy zakupie 2 opak.",
    "Description": "Cena regularna: 5,99 zł/opak. (0,15 zł/szt.), 25% taniejNajniższa cena z 30 dni przed obniżką: 4,49 zł/opak.",
    "Availability Start": "11.08",
    "Availability End": "16.08",
    "Ceny": {
      "Cena_regularna": "5.99",
      "Cena_promocyjna": "4.49",
      "Jednostka": "/opak",
      "Cena_za_jednostkę": "",
      "Procent_rabat": "25"
    },
    "Warianty": {
      "Opcje": "",
      "Limit": ""
    }
  },
  {
    "URL": "https://www.biedronka.pl/pl/product,id,450262",
    "Title": "Patyczki dla dzieci Dada Everyday, 70 szt. - Produkt - Biedronka.pl",
    "Product Unavailable": "",
    "PLN": "2",
    "GR": "49",
    "Amount Info": "cena za 1 opak. przy zakupie 3 opak.",
    "Description": "Cena regularna: 3,19 zł/opak. (0,05 zł/szt.), 21% taniejNajniższa cena z 30 dni przed obniżką: 2,49 zł/opak.",
    "Availability Start": "11.08",
    "Availability End": "16.08",
    "Ceny": {
      "Cena_regularna": "3.19",
      "Cena_promocyjna": "2.52",
      "Jednostka": "/opak",
      "Cena_za_jednostkę": "",
      "Procent_rabat": "21"
    },
    "Warianty": {
      "Opcje": "",
      "Limit": ""
    }
  },
  {
    "URL": "https://www.biedronka.pl/pl/product,id,450441",
    "Title": "Sos XXL Madero, 860 g - 900 g - Produkt - Biedronka.pl",
    "Product Unavailable": "",
    "PLN": "9",
    "GR": "99",
    "Amount Info": "/opak.",
    "Description": "różne rodzaje",
    "Availability Start": "14.08",
    "Availability End": "20.08",
    "Ceny": {
      "Cena_regularna": "",
      "Cena_promocyjna": "",
      "Jednostka": "",
      "Cena_za_jednostkę": "",
      "Procent_rabat": ""
    },
    "Warianty": {
      "Opcje": "",
      "Limit": ""
    }
  },
  {
    "URL": "https://www.biedronka.pl/pl/product,id,450382",
    "Title": "Polskie ziemniaki wczesne na wagę - Produkt - Biedronka.pl",
    "Product Unavailable": "",
    "PLN": "1",
    "GR": "29",
    "Amount Info": "/kg",
    "Description": "Cena regularna: 2,99 zł/kg, 56% taniejCena przed obniżką: 2,99 zł/kg, 56% mniej",
    "Availability Start": "14.08",
    "Availability End": "16.08",
    "Ceny": {
      "Cena_regularna": "2.99",
      "Cena_promocyjna": "1.32",
      "Jednostka": "/kg",
      "Cena_za_jednostkę": "",
      "Procent_rabat": "56"
    },
    "Warianty": {
      "Opcje": "",
      "Limit": ""
    }
  },
  {
    "URL": "https://www.biedronka.pl/pl/product,id,450321",
    "Title": "Kawa ziarnista Tchibo, 1 kg - Produkt - Biedronka.pl",
    "Product Unavailable": "",
    "PLN": "46",
    "GR": "50",
    "Amount Info": "cena za 1 opak. przy zakupie 2 opak.",
    "Description": "Caffe Crema, VariazioneCena regularna: 92,99 zł/opak., 50% taniejNajniższa cena z 30 dni przed obniżką: 48,99 zł/opak., 5% mniejLimit dzienny 4 opak. na kartę Moja Biedronka",
    "Availability Start": "14.08",
    "Availability End": "16.08",
    "Ceny": {
      "Cena_regularna": "92.99",
      "Cena_promocyjna": "46.49",
      "Jednostka": "/opak",
      "Cena_za_jednostkę": "",
      "Procent_rabat": "50"
    },
    "Warianty": {
      "Opcje": "",
      "Limit": "4"
    }
  },
  {
    "URL": "https://www.biedronka.pl/pl/product,id,450422",
    "Title": "Karkówka grillowa premium Czas na Grill - Produkt - Biedronka.pl",
    "Product Unavailable": "",
    "PLN": "30",
    "GR": "99",
    "Amount Info": "/kg",
    "Description": "",
    "Availability Start": "14.08",
    "Availability End": "16.08",
    "Ceny": {
      "Cena_regularna": "",
      "Cena_promocyjna": "",
      "Jednostka": "",
      "Cena_za_jednostkę": "",
      "Procent_rabat": ""
    },
    "Warianty": {
      "Opcje": "",
      "Limit": ""
    }
  },
  {
    "URL": "https://www.biedronka.pl/pl/product,id,450242",
    "Title": "Szczoteczka do zębów Dentix Professional, 2 szt. - Produkt - Biedronka.pl",
    "Product Unavailable": "",
    "PLN": "3",
    "GR": "69",
    "Amount Info": "cena za 1 opak. przy zakupie 2 opak.",
    "Description": "różne rodzajeCena regularna: 4,59 zł/opak. (2,30 zł/szt.), 19% taniejNajniższa cena z 30 dni przed obniżką: 3,06 zł/opak.",
    "Availability Start": "11.08",
    "Availability End": "16.08",
    "Ceny": {
      "Cena_regularna": "4.59",
      "Cena_promocyjna": "3.72",
      "Jednostka": "/opak",
      "Cena_za_jednostkę": "",
      "Procent_rabat": "19"
    },
    "Warianty": {
      "Opcje": "",
      "Limit": ""
    }
  },
  {
    "URL": "https://www.biedronka.pl/pl/product,id,450323",
    "Title": "Ręcznik papierowy Queen Mega Sweep, 120 m - Produkt - Biedronka.pl",
    "Product Unavailable": "",
    "PLN": "7",
    "GR": "99",
    "Amount Info": "cena za 1 opak. przy zakupie 2 opak.",
    "Description": "Cena regularna: 13,79 zł/opak., 42% taniejNajniższa cena z 30 dni przed obniżką: 8,99 zł/opak., 11% mniejLimit dzienny 2 opak. na kartę Moja Biedronka",
    "Availability Start": "14.08",
    "Availability End": "16.08",
    "Ceny": {
      "Cena_regularna": "13.79",
      "Cena_promocyjna": "8.00",
      "Jednostka": "/opak",
      "Cena_za_jednostkę": "",
      "Procent_rabat": "42"
    },
    "Warianty": {
      "Opcje": "",
      "Limit": "2"
    }
  },
  {
    "URL": "https://www.biedronka.pl/pl/product,id,450402",
    "Title": "Kiełbaski Czas na Grill, 190 g - Produkt - Biedronka.pl",
    "Product Unavailable": "",
    "PLN": "4",
    "GR": "99",
    "Amount Info": "/opak.",
    "Description": "chilli, ghost pepper, habanero",
    "Availability Start": "14.08",
    "Availability End": "20.08",
    "Ceny": {
      "Cena_regularna": "",
      "Cena_promocyjna": "",
      "Jednostka": "",
      "Cena_za_jednostkę": "",
      "Procent_rabat": ""
    },
    "Warianty": {
      "Opcje": "",
      "Limit": ""
    }
  },
  {
    "URL": "https://www.biedronka.pl/pl/product,id,450322",
    "Title": "Papier toaletowy Queen Supreme, 9 rolek - Produkt - Biedronka.pl",
    "Product Unavailable": "",
    "PLN": "19",
    "GR": "99",
    "Amount Info": "/opak.",
    "Description": "Cena regularna: 19,99 zł/opak. (2,22 zł/rolka), 47% taniejNajniższa cena z 30 dni przed obniżką: 11,00 zł/opak., 4% mniejLimit dzienny 2  opak. (maks. 1 za 1 zł) na kartę Moja Biedronka",
    "Availability Start": "14.08",
    "Availability End": "16.08",
    "Ceny": {
      "Cena_regularna": "19.99",
      "Cena_promocyjna": "10.59",
      "Jednostka": "/opak",
      "Cena_za_jednostkę": "",
      "Procent_rabat": "47"
    },
    "Warianty": {
      "Opcje": "",
      "Limit": "2"
    }
  },
  {
    "URL": "https://www.biedronka.pl/pl/product,id,450423",
    "Title": "Kiełbaski z podgrzybkiem Czas na Grill, 400 g - Produkt - Biedronka.pl",
    "Product Unavailable": "",
    "PLN": "12",
    "GR": "99",
    "Amount Info": "/opak.",
    "Description": "",
    "Availability Start": "14.08",
    "Availability End": "16.08",
    "Ceny": {
      "Cena_regularna": "",
      "Cena_promocyjna": "",
      "Jednostka": "",
      "Cena_za_jednostkę": "",
      "Procent_rabat": ""
    },
    "Warianty": {
      "Opcje": "",
      "Limit": ""
    }
  },
  {
    "URL": "https://www.biedronka.pl/pl/product,id,450344",
    "Title": "Porcja rosołowa z kaczki Kraina Mięs - Produkt - Biedronka.pl",
    "Product Unavailable": "",
    "PLN": "11",
    "GR": "99",
    "Amount Info": "/kg",
    "Description": "Oferta dostępna w sklepach bez lady tradycyjnej.",
    "Availability Start": "14.08",
    "Availability End": "16.08",
    "Ceny": {
      "Cena_regularna": "",
      "Cena_promocyjna": "",
      "Jednostka": "",
      "Cena_za_jednostkę": "",
      "Procent_rabat": ""
    },
    "Warianty": {
      "Opcje": "",
      "Limit": ""
    }
  },
  {
    "URL": "https://www.biedronka.pl/pl/product,id,450443",
    "Title": "Ketchup Keto premium Roleski, 425 g - Produkt - Biedronka.pl",
    "Product Unavailable": "",
    "PLN": "6",
    "GR": "99",
    "Amount Info": "/opak.",
    "Description": "sycylijski, jalape?o meksykański",
    "Availability Start": "14.08",
    "Availability End": "20.08",
    "Ceny": {
      "Cena_regularna": "",
      "Cena_promocyjna": "",
      "Jednostka": "",
      "Cena_za_jednostkę": "",
      "Procent_rabat": ""
    },
    "Warianty": {
      "Opcje": "",
      "Limit": ""
    }
  },
  {
    "URL": "https://www.biedronka.pl/pl/product,id,450282",
    "Title": "Płyn uniwersalny Ajax Floral Fiesta, 1 l - Produkt - Biedronka.pl",
    "Product Unavailable": "",
    "PLN": "5",
    "GR": "99",
    "Amount Info": "cena za 1 opak. przy zakupie 2 opak.",
    "Description": "Cena regularna: 7,89 zł/opak., 24% taniejNajniższa cena z 30 dni przed obniżką: 5,99 zł/opak.",
    "Availability Start": "11.08",
    "Availability End": "16.08",
    "Ceny": {
      "Cena_regularna": "7.89",
      "Cena_promocyjna": "6.00",
      "Jednostka": "/opak",
      "Cena_za_jednostkę": "",
      "Procent_rabat": "24"
    },
    "Warianty": {
      "Opcje": "",
      "Limit": ""
    }
  },
  {
    "URL": "https://www.biedronka.pl/pl/product,id,450442",
    "Title": "Ketchup Kotlin, 950 g - Produkt - Biedronka.pl",
    "Product Unavailable": "",
    "PLN": "8",
    "GR": "99",
    "Amount Info": "/opak.",
    "Description": "łagodny, pikantny",
    "Availability Start": "14.08",
    "Availability End": "20.08",
    "Ceny": {
      "Cena_regularna": "",
      "Cena_promocyjna": "",
      "Jednostka": "",
      "Cena_za_jednostkę": "",
      "Procent_rabat": ""
    },
    "Warianty": {
      "Opcje": "",
      "Limit": ""
    }
  },
  {
    "URL": "https://www.biedronka.pl/pl/product,id,450363",
    "Title": "Mięso mielone z łopatki wieprzowej Kraina Mięs, 500 g - Produkt - Biedronka.pl",
    "Product Unavailable": "",
    "PLN": "5",
    "GR": "49",
    "Amount Info": "cena za 1 opak. przy zakupie 2 opak.",
    "Description": "Cena regularna: 10,99 zł/opak. (21,98 zł/kg), 50% taniejCena przed obniżką: 10,99 zł/opak., 50% mniejLimit dzienny - 4 opak. na kartę Moja Biedronka.",
    "Availability Start": "14.08",
    "Availability End": "16.08",
    "Ceny": {
      "Cena_regularna": "10.99",
      "Cena_promocyjna": "5.50",
      "Jednostka": "/opak",
      "Cena_za_jednostkę": "",
      "Procent_rabat": "50"
    },
    "Warianty": {
      "Opcje": "",
      "Limit": ""
    }
  },
  {
    "URL": "https://www.biedronka.pl/pl/product,id,450383",
    "Title": "Winogrono jasne na wagę - Produkt - Biedronka.pl",
    "Product Unavailable": "",
    "PLN": "6",
    "GR": "99",
    "Amount Info": "/kg",
    "Description": "Cena regularna: 16,99 zł/kg, 58% taniejCena przed obniżką: 16,99 zł/kg, 58% mniej",
    "Availability Start": "14.08",
    "Availability End": "16.08",
    "Ceny": {
      "Cena_regularna": "16.99",
      "Cena_promocyjna": "7.14",
      "Jednostka": "/kg",
      "Cena_za_jednostkę": "",
      "Procent_rabat": "58"
    },
    "Warianty": {
      "Opcje": "",
      "Limit": ""
    }
  },
  {
    "URL": "https://www.biedronka.pl/pl/product,id,450343",
    "Title": "Kiełbasa biała surowa premium Kraina Mięs, 500 g - Produkt - Biedronka.pl",
    "Product Unavailable": "",
    "PLN": "11",
    "GR": "99",
    "Amount Info": "/opak.",
    "Description": "Oferta dostępna w sklepach bez lady tradycyjnej.",
    "Availability Start": "14.08",
    "Availability End": "16.08",
    "Ceny": {
      "Cena_regularna": "",
      "Cena_promocyjna": "",
      "Jednostka": "",
      "Cena_za_jednostkę": "",
      "Procent_rabat": ""
    },
    "Warianty": {
      "Opcje": "",
      "Limit": ""
    }
  },
  {
    "URL": "https://www.biedronka.pl/pl/product,id,450362",
    "Title": "Schab wieprzowy bez kości pakowany próżniowo Kraina Mięs - Produkt - Biedronka.pl",
    "Product Unavailable": "",
    "PLN": "9",
    "GR": "99",
    "Amount Info": "/kg",
    "Description": "Cena regularna: 16,95 zł/kg (1,70 zł/100 g), 41% taniejCena przed obniżką: 16,95 zł/kg, 41% mniejCena promocyjna bez aplikacji: 14,99 zł/kg (1,50 zł/100 g), 11% taniejLimit łączny w okresie promocji - 5 kg na konto Moja Biedronka.",
    "Availability Start": "14.08",
    "Availability End": "16.08",
    "Ceny": {
      "Cena_regularna": "16.95",
      "Cena_promocyjna": "10.00",
      "Jednostka": "/kg",
      "Cena_za_jednostkę": "",
      "Procent_rabat": "41"
    },
    "Warianty": {
      "Opcje": "",
      "Limit": ""
    }
  },
  {
    "URL": "https://www.biedronka.pl/pl/product,id,450243",
    "Title": "Woda perfumowana Be Beauty, 90 ml/100 ml - Produkt - Biedronka.pl",
    "Product Unavailable": "",
    "PLN": "12",
    "GR": "99",
    "Amount Info": "cena za 1 opak. przy zakupie 2 opak.",
    "Description": "różne rodzajeCena regularna: 19,99 zł/opak. (222,11/199,90 zł/l), 35% taniejNajniższa cena z 30 dni przed obniżką: 10,00 zł/opak.",
    "Availability Start": "11.08",
    "Availability End": "16.08",
    "Ceny": {
      "Cena_regularna": "19.99",
      "Cena_promocyjna": "12.99",
      "Jednostka": "/opak",
      "Cena_za_jednostkę": "",
      "Procent_rabat": "35"
    },
    "Warianty": {
      "Opcje": "",
      "Limit": ""
    }
  },
  {
    "URL": "https://www.biedronka.pl/pl/product,id,450283",
    "Title": "Płyn do szyb Mr Magic, 1 l - Produkt - Biedronka.pl",
    "Product Unavailable": "",
    "PLN": "4",
    "GR": "99",
    "Amount Info": "cena za 1 opak. przy zakupie 2 opak.",
    "Description": "różne rodzajeCena regularna: 5,99 zł/opak., 16% taniejNajniższa cena z 30 dni przed obniżką: 4,99 zł/opak.",
    "Availability Start": "11.08",
    "Availability End": "16.08",
    "Ceny": {
      "Cena_regularna": "5.99",
      "Cena_promocyjna": "5.03",
      "Jednostka": "/opak",
      "Cena_za_jednostkę": "",
      "Procent_rabat": "16"
    },
    "Warianty": {
      "Opcje": "",
      "Limit": ""
    }
  },
  {
    "URL": "https://www.biedronka.pl/pl/product,id,450264",
    "Title": "Papier toaletowy nawilżany Dada Kids, 3x60 szt. - Produkt - Biedronka.pl",
    "Product Unavailable": "",
    "PLN": "9",
    "GR": "99",
    "Amount Info": "cena za 3-pak przy zakupie 2x3-paku",
    "Description": "Cena regularna: 12,99 zł/3-pak (0,07 zł/szt.), 23% taniejNajniższa cena z 30 dni przed obniżką: 9,99 zł/3-pak",
    "Availability Start": "11.08",
    "Availability End": "16.08",
    "Ceny": {
      "Cena_regularna": "12.99",
      "Cena_promocyjna": "10.00",
      "Jednostka": "/3",
      "Cena_za_jednostkę": "",
      "Procent_rabat": "23"
    },
    "Warianty": {
      "Opcje": "",
      "Limit": ""
    }
  },
  {
    "URL": "https://www.biedronka.pl/pl/product,id,450304",
    "Title": "Kalanchoe - Produkt - Biedronka.pl",
    "Product Unavailable": "",
    "PLN": "4",
    "GR": "99",
    "Amount Info": "/szt.",
    "Description": "średnica doniczki 9 cmCena nie obejmuje ozdobnych doniczek, wazonów i osłonek.",
    "Availability Start": "14.08",
    "Availability End": "16.08",
    "Ceny": {
      "Cena_regularna": "",
      "Cena_promocyjna": "",
      "Jednostka": "",
      "Cena_za_jednostkę": "",
      "Procent_rabat": ""
    },
    "Warianty": {
      "Opcje": "",
      "Limit": ""
    }
  },
  {
    "URL": "https://www.biedronka.pl/pl/product,id,450303",
    "Title": "Hibiskus Graff - Produkt - Biedronka.pl",
    "Product Unavailable": "",
    "PLN": "21",
    "GR": "99",
    "Amount Info": "/szt.",
    "Description": "średnica doniczki 13 cmCena nie obejmuje ozdobnych doniczek, wazonów i osłonek.",
    "Availability Start": "14.08",
    "Availability End": "16.08",
    "Ceny": {
      "Cena_regularna": "",
      "Cena_promocyjna": "",
      "Jednostka": "",
      "Cena_za_jednostkę": "",
      "Procent_rabat": ""
    },
    "Warianty": {
      "Opcje": "",
      "Limit": ""
    }
  },
  {
    "URL": "https://www.biedronka.pl/pl/product,id,450263",
    "Title": "Pieluchy Dada Extra Soft - Produkt - Biedronka.pl",
    "Product Unavailable": "",
    "PLN": "22",
    "GR": "99",
    "Amount Info": "cena za 1 opak. przy zakupie 2 opak.",
    "Description": "S3, 54 szt., S5, 42 szt., S6, 37 szt., S4, 48 szt.",
    "Availability Start": "11.08",
    "Availability End": "16.08",
    "Ceny": {
      "Cena_regularna": "",
      "Cena_promocyjna": "",
      "Jednostka": "",
      "Cena_za_jednostkę": "",
      "Procent_rabat": ""
    },
    "Warianty": {
      "Opcje": "",
      "Limit": ""
    }
  },
  {
    "URL": "https://www.biedronka.pl/pl/product,id,450424",
    "Title": "Kiełbaski białe surowe cienkie, 400 g - Produkt - Biedronka.pl",
    "Product Unavailable": "",
    "PLN": "8",
    "GR": "99",
    "Amount Info": "cena za 1 opak. przy zakupie 2 opak.",
    "Description": "Cena regularna: 10,99 zł/opak. (27,48 zł/kg), 18% taniejCena przed obniżką: 10,99 zł/opak., 18% mniej",
    "Availability Start": "14.08",
    "Availability End": "16.08",
    "Ceny": {
      "Cena_regularna": "10.99",
      "Cena_promocyjna": "9.01",
      "Jednostka": "/opak",
      "Cena_za_jednostkę": "",
      "Procent_rabat": "18"
    },
    "Warianty": {
      "Opcje": "",
      "Limit": ""
    }
  },
  {
    "URL": "https://www.biedronka.pl/pl/product,id,450403",
    "Title": "Kiełbaski o smaku kebab z sosem czosnkowym Czas na Grill, 280 g - Produkt - Biedronka.pl",
    "Product Unavailable": "",
    "PLN": "7",
    "GR": "99",
    "Amount Info": "/opak.",
    "Description": "",
    "Availability Start": "14.08",
    "Availability End": "20.08",
    "Ceny": {
      "Cena_regularna": "",
      "Cena_promocyjna": "",
      "Jednostka": "",
      "Cena_za_jednostkę": "",
      "Procent_rabat": ""
    },
    "Warianty": {
      "Opcje": "",
      "Limit": ""
    }
  },
  {
    "URL": "https://www.biedronka.pl/pl/product,id,450336",
    "Title": "Szynka Kraina Wędlin, 100 g - Produkt - Biedronka.pl",
    "Product Unavailable": "",
    "PLN": "4",
    "GR": "99",
    "Amount Info": "cena za 1 opak. przy zakupie 2 opak.",
    "Description": "szwarcwaldzka, delikatnaCena regularna: 7,29 zł/opak. (72,90 zł/kg), 31% taniejCena przed obniżką: 7,29 zł/opak., 31% mniejLimit dzienny 6 opak. na kartę Moja Biedronka",
    "Availability Start": "14.08",
    "Availability End": "16.08",
    "Ceny": {
      "Cena_regularna": "7.29",
      "Cena_promocyjna": "5.03",
      "Jednostka": "/opak",
      "Cena_za_jednostkę": "",
      "Procent_rabat": "31"
    },
    "Warianty": {
      "Opcje": "",
      "Limit": "6"
    }
  },
  {
    "URL": "https://www.biedronka.pl/pl/product,id,450425",
    "Title": "Zestaw grillowy z kurczaka Farmio - Produkt - Biedronka.pl",
    "Product Unavailable": "",
    "PLN": "17",
    "GR": "99",
    "Amount Info": "/kg",
    "Description": "skrzydło dzielone, udo, podudzie",
    "Availability Start": "14.08",
    "Availability End": "16.08",
    "Ceny": {
      "Cena_regularna": "",
      "Cena_promocyjna": "",
      "Jednostka": "",
      "Cena_za_jednostkę": "",
      "Procent_rabat": ""
    },
    "Warianty": {
      "Opcje": "",
      "Limit": ""
    }
  },
  {
    "URL": "https://www.biedronka.pl/pl/product,id,450345",
    "Title": "Big burger wołowy Kraina Mięs, 380 g - Produkt - Biedronka.pl",
    "Product Unavailable": "",
    "PLN": "14",
    "GR": "99",
    "Amount Info": "/opak.",
    "Description": "Oferta dostępna w sklepach bez lady tradycyjnej.",
    "Availability Start": "14.08",
    "Availability End": "16.08",
    "Ceny": {
      "Cena_regularna": "",
      "Cena_promocyjna": "",
      "Jednostka": "",
      "Cena_za_jednostkę": "",
      "Procent_rabat": ""
    },
    "Warianty": {
      "Opcje": "",
      "Limit": ""
    }
  },
  {
    "URL": "https://www.biedronka.pl/pl/product,id,450325",
    "Title": "Kiełbasa Morlińska z szynki Morliny, 500 g - Produkt - Biedronka.pl",
    "Product Unavailable": "",
    "PLN": "7",
    "GR": "35",
    "Amount Info": "cena za 1 opak. przy zakupie 2 opak.",
    "Description": "Cena regularna: 14,69 zł/opak. (29,38 zł/kg), 50% taniejCena przed obniżką: 14,69 zł/opak., 50% mniejLimit dzienny 4 opak. na kartę Moja Biedronka",
    "Availability Start": "14.08",
    "Availability End": "16.08",
    "Ceny": {
      "Cena_regularna": "14.69",
      "Cena_promocyjna": "7.34",
      "Jednostka": "/opak",
      "Cena_za_jednostkę": "",
      "Procent_rabat": "50"
    },
    "Warianty": {
      "Opcje": "",
      "Limit": "4"
    }
  },
  {
    "URL": "https://www.biedronka.pl/pl/product,id,450364",
    "Title": "Krewetki białe gotowane Marinero, 1 kg - Produkt - Biedronka.pl",
    "Product Unavailable": "",
    "PLN": "49",
    "GR": "99",
    "Amount Info": "/opak.",
    "Description": "",
    "Availability Start": "14.08",
    "Availability End": "16.08",
    "Ceny": {
      "Cena_regularna": "",
      "Cena_promocyjna": "",
      "Jednostka": "",
      "Cena_za_jednostkę": "",
      "Procent_rabat": ""
    },
    "Warianty": {
      "Opcje": "",
      "Limit": ""
    }
  },
  {
    "URL": "https://www.biedronka.pl/pl/product,id,450445",
    "Title": "Bułki pszenne do hamburgerów Pano, 212 g - Produkt - Biedronka.pl",
    "Product Unavailable": "",
    "PLN": "3",
    "GR": "75",
    "Amount Info": "cena za 1 opak. przy zakupie 2 opak.",
    "Description": "Cena regularna: 4,69 zł/opak. (22,12 zł/kg), 20% taniejNajniższa cena z 30 dni przed obniżką: 2,99 zł/opak.",
    "Availability Start": "14.08",
    "Availability End": "16.08",
    "Ceny": {
      "Cena_regularna": "4.69",
      "Cena_promocyjna": "3.75",
      "Jednostka": "/opak",
      "Cena_za_jednostkę": "",
      "Procent_rabat": "20"
    },
    "Warianty": {
      "Opcje": "",
      "Limit": ""
    }
  },
  {
    "URL": "https://www.biedronka.pl/pl/product,id,450405",
    "Title": "Kiełbaski Norymberskie Howe, 300 g - Produkt - Biedronka.pl",
    "Product Unavailable": "",
    "PLN": "14",
    "GR": "99",
    "Amount Info": "/opak.",
    "Description": "",
    "Availability Start": "14.08",
    "Availability End": "20.08",
    "Ceny": {
      "Cena_regularna": "",
      "Cena_promocyjna": "",
      "Jednostka": "",
      "Cena_za_jednostkę": "",
      "Procent_rabat": ""
    },
    "Warianty": {
      "Opcje": "",
      "Limit": ""
    }
  },
  {
    "URL": "https://www.biedronka.pl/pl/product,id,450384",
    "Title": "Śliwka domowa na wagę - Produkt - Biedronka.pl",
    "Product Unavailable": "",
    "PLN": "4",
    "GR": "99",
    "Amount Info": "/kg",
    "Description": "Cena regularna: 9,99 zł/kg, 50% taniejCena przed obniżką: 9,99 zł/kg, 50% mniej",
    "Availability Start": "14.08",
    "Availability End": "16.08",
    "Ceny": {
      "Cena_regularna": "9.99",
      "Cena_promocyjna": "5.00",
      "Jednostka": "/kg",
      "Cena_za_jednostkę": "",
      "Procent_rabat": "50"
    },
    "Warianty": {
      "Opcje": "",
      "Limit": ""
    }
  },
  {
    "URL": "https://www.biedronka.pl/pl/product,id,450376",
    "Title": "Brzoskwinia na wagę - Produkt - Biedronka.pl",
    "Product Unavailable": "",
    "PLN": "8",
    "GR": "99",
    "Amount Info": "/kg",
    "Description": "Cena regularna: 15,99 zł/kg, 43% taniejCena przed obniżką: 15,99 zł/kg, 43% mniej",
    "Availability Start": "14.08",
    "Availability End": "16.08",
    "Ceny": {
      "Cena_regularna": "15.99",
      "Cena_promocyjna": "9.11",
      "Jednostka": "/kg",
      "Cena_za_jednostkę": "",
      "Procent_rabat": "43"
    },
    "Warianty": {
      "Opcje": "",
      "Limit": ""
    }
  },
  {
    "URL": "https://www.biedronka.pl/pl/product,id,450285",
    "Title": "Off! Max Spray przeciw komarom, 100 ml - Produkt - Biedronka.pl",
    "Product Unavailable": "",
    "PLN": "12",
    "GR": "99",
    "Amount Info": "cena za 1 opak. przy zakupie 2 opak.",
    "Description": "różne rodzajeCena regularna: 16,99 zł/opak. (169,90 zł/l), 23% taniejNajniższa cena z 30 dni przed obniżką: 14,99 zł/opak., 13% mniej",
    "Availability Start": "11.08",
    "Availability End": "16.08",
    "Ceny": {
      "Cena_regularna": "16.99",
      "Cena_promocyjna": "13.08",
      "Jednostka": "/opak",
      "Cena_za_jednostkę": "",
      "Procent_rabat": "23"
    },
    "Warianty": {
      "Opcje": "",
      "Limit": ""
    }
  },
  {
    "URL": "https://www.biedronka.pl/pl/product,id,450244",
    "Title": "Błyszczyk do ust Eveline Finish Show, 4,5 ml - Produkt - Biedronka.pl",
    "Product Unavailable": "",
    "PLN": "12",
    "GR": "49",
    "Amount Info": "cena za 1 opak. przy zakupie 2 opak.",
    "Description": "Cena regularna: 19,99 zł/opak. (4442,22 zł/l), 37% taniejNajniższa cena z 30 dni przed obniżką: 10,00 zł/opak.",
    "Availability Start": "11.08",
    "Availability End": "16.08",
    "Ceny": {
      "Cena_regularna": "19.99",
      "Cena_promocyjna": "12.59",
      "Jednostka": "/opak",
      "Cena_za_jednostkę": "",
      "Procent_rabat": "37"
    },
    "Warianty": {
      "Opcje": "",
      "Limit": ""
    }
  },
  {
    "URL": "https://www.biedronka.pl/pl/product,id,450444",
    "Title": "Sos Keto Roleski, 280 g - 325 g - Produkt - Biedronka.pl",
    "Product Unavailable": "",
    "PLN": "6",
    "GR": "99",
    "Amount Info": "/opak.",
    "Description": "Red Thai, do kurczaka z czosnkiem, tysiąca wysp, BBQ, czosnkowy",
    "Availability Start": "14.08",
    "Availability End": "20.08",
    "Ceny": {
      "Cena_regularna": "",
      "Cena_promocyjna": "",
      "Jednostka": "",
      "Cena_za_jednostkę": "",
      "Procent_rabat": ""
    },
    "Warianty": {
      "Opcje": "",
      "Limit": ""
    }
  },
  {
    "URL": "https://www.biedronka.pl/pl/product,id,450265",
    "Title": "Papier toaletowy Queen Premium super soft, 10 rolek - Produkt - Biedronka.pl",
    "Product Unavailable": "",
    "PLN": "14",
    "GR": "99",
    "Amount Info": "cena za 1 opak. przy zakupie 2 opak.",
    "Description": "Cena regularna: 19,99 zł/opak. (2,00 zł/rolka), 25% taniejNajniższa cena z 30 dni przed obniżką: 13,99 zł/opak.",
    "Availability Start": "11.08",
    "Availability End": "16.08",
    "Ceny": {
      "Cena_regularna": "19.99",
      "Cena_promocyjna": "14.99",
      "Jednostka": "/opak",
      "Cena_za_jednostkę": "",
      "Procent_rabat": "25"
    },
    "Warianty": {
      "Opcje": "",
      "Limit": ""
    }
  },
  {
    "URL": "https://www.biedronka.pl/pl/product,id,450284",
    "Title": "Grill jednorazowy, 1 szt. - Produkt - Biedronka.pl",
    "Product Unavailable": "",
    "PLN": "11",
    "GR": "99",
    "Amount Info": "cena za 1 opak. przy zakupie 2 opak.",
    "Description": "różne rodzajeCena regularna: 14,99 zł/szt., 20% taniejNajniższa cena z 30 dni przed obniżką: 9,33 zł/szt.",
    "Availability Start": "11.08",
    "Availability End": "16.08",
    "Ceny": {
      "Cena_regularna": "14.99",
      "Cena_promocyjna": "11.99",
      "Jednostka": "/szt",
      "Cena_za_jednostkę": "",
      "Procent_rabat": "20"
    },
    "Warianty": {
      "Opcje": "",
      "Limit": ""
    }
  },
  {
    "URL": "https://www.biedronka.pl/pl/product,id,450245",
    "Title": "Woda perfumowana Made in Lab, 100 ml - Produkt - Biedronka.pl",
    "Product Unavailable": "",
    "PLN": "34",
    "GR": "99",
    "Amount Info": "cena za 1 opak. przy zakupie 2 opak.",
    "Description": "damska, męskaCena regularna: 49,99 zł/opak. (499,90 zł/l), 30% taniejNajniższa cena z 30 dni przed obniżką: 25,00 zł/opak.",
    "Availability Start": "11.08",
    "Availability End": "16.08",
    "Ceny": {
      "Cena_regularna": "49.99",
      "Cena_promocyjna": "34.99",
      "Jednostka": "/opak",
      "Cena_za_jednostkę": "",
      "Procent_rabat": "30"
    },
    "Warianty": {
      "Opcje": "",
      "Limit": ""
    }
  },
  {
    "URL": "https://www.biedronka.pl/pl/product,id,450404",
    "Title": "Kiełbasa rusztowa Czas na Grill - Produkt - Biedronka.pl",
    "Product Unavailable": "",
    "PLN": "1",
    "GR": "59",
    "Amount Info": "/100 g",
    "Description": "",
    "Availability Start": "14.08",
    "Availability End": "20.08",
    "Ceny": {
      "Cena_regularna": "",
      "Cena_promocyjna": "",
      "Jednostka": "",
      "Cena_za_jednostkę": "",
      "Procent_rabat": ""
    },
    "Warianty": {
      "Opcje": "",
      "Limit": ""
    }
  },
  {
    "URL": "https://www.biedronka.pl/pl/product,id,450385",
    "Title": "Arbuz drobnopestkowy na wagę - Produkt - Biedronka.pl",
    "Product Unavailable": "",
    "PLN": "2",
    "GR": "49",
    "Amount Info": "/kg",
    "Description": "Cena regularna: 7,99 zł/kg, 68% taniejCena przed obniżką: 7,99 zł/kg, 68% mniej",
    "Availability Start": "14.08",
    "Availability End": "16.08",
    "Ceny": {
      "Cena_regularna": "7.99",
      "Cena_promocyjna": "2.56",
      "Jednostka": "/kg",
      "Cena_za_jednostkę": "",
      "Procent_rabat": "68"
    },
    "Warianty": {
      "Opcje": "",
      "Limit": ""
    }
  },
  {
    "URL": "https://www.biedronka.pl/pl/product,id,450365",
    "Title": "Dorsz czarny filet bez skóry, Marinero - Produkt - Biedronka.pl",
    "Product Unavailable": "",
    "PLN": "3",
    "GR": "99",
    "Amount Info": "/100 g",
    "Description": "",
    "Availability Start": "14.08",
    "Availability End": "16.08",
    "Ceny": {
      "Cena_regularna": "",
      "Cena_promocyjna": "",
      "Jednostka": "",
      "Cena_za_jednostkę": "",
      "Procent_rabat": ""
    },
    "Warianty": {
      "Opcje": "",
      "Limit": ""
    }
  },
  {
    "URL": "https://www.biedronka.pl/pl/product,id,450324",
    "Title": "Sucha karma dla psa z wołowiną i drobiem Pedigree, 7 kg - Produkt - Biedronka.pl",
    "Product Unavailable": "",
    "PLN": "35",
    "GR": "00",
    "Amount Info": "cena za 1 opak. przy zakupie 2 opak.",
    "Description": "Cena regularna: 69,99 zł/opak. (10,00 zł/kg), 50% taniejNajniższa cena z 30 dni przed obniżką: 35,00 zł/opak.Limit dzienny 4 opak. na kartę Moja Biedronka.",
    "Availability Start": "14.08",
    "Availability End": "16.08",
    "Ceny": {
      "Cena_regularna": "69.99",
      "Cena_promocyjna": "34.99",
      "Jednostka": "/opak",
      "Cena_za_jednostkę": "",
      "Procent_rabat": "50"
    },
    "Warianty": {
      "Opcje": "",
      "Limit": "4"
    }
  },
  {
    "URL": "https://www.biedronka.pl/pl/product,id,450305",
    "Title": "Wrzos - Produkt - Biedronka.pl",
    "Product Unavailable": "",
    "PLN": "4",
    "GR": "99",
    "Amount Info": "/szt.",
    "Description": "średnica doniczki 10 cmCena nie obejmuje ozdobnych doniczek, wazonów i osłonek.",
    "Availability Start": "14.08",
    "Availability End": "16.08",
    "Ceny": {
      "Cena_regularna": "",
      "Cena_promocyjna": "",
      "Jednostka": "",
      "Cena_za_jednostkę": "",
      "Procent_rabat": ""
    },
    "Warianty": {
      "Opcje": "",
      "Limit": ""
    }
  },
  {
    "URL": "https://www.biedronka.pl/pl/product,id,450286",
    "Title": "Aerozol na muchy i komary lub owady biegające i latające Raid, 400 ml - Produkt - Biedronka.pl",
    "Product Unavailable": "",
    "PLN": "10",
    "GR": "99",
    "Amount Info": "cena za 1 opak. przy zakupie 2 opak.",
    "Description": "różne rodzajeCena regularna: 14,99 zł/opak. (37,48 zł/l), 26% taniejNajniższa cena z 30 dni przed obniżką: 14,99 zł/opak., 26% mniej",
    "Availability Start": "11.08",
    "Availability End": "16.08",
    "Ceny": {
      "Cena_regularna": "14.99",
      "Cena_promocyjna": "11.09",
      "Jednostka": "/opak",
      "Cena_za_jednostkę": "",
      "Procent_rabat": "26"
    },
    "Warianty": {
      "Opcje": "",
      "Limit": ""
    }
  },
  {
    "URL": "https://www.biedronka.pl/pl/product,id,450406",
    "Title": "Kiełbaski bez osłonki Tarczyński, 220 g - Produkt - Biedronka.pl",
    "Product Unavailable": "",
    "PLN": "6",
    "GR": "99",
    "Amount Info": "/opak.",
    "Description": "",
    "Availability Start": "14.08",
    "Availability End": "20.08",
    "Ceny": {
      "Cena_regularna": "",
      "Cena_promocyjna": "",
      "Jednostka": "",
      "Cena_za_jednostkę": "",
      "Procent_rabat": ""
    },
    "Warianty": {
      "Opcje": "",
      "Limit": ""
    }
  },
  {
    "URL": "https://www.biedronka.pl/pl/product,id,450366",
    "Title": "Krewetka biała gotowana Superfish, 200 g - Produkt - Biedronka.pl",
    "Product Unavailable": "",
    "PLN": "19",
    "GR": "99",
    "Amount Info": "/opak.",
    "Description": "",
    "Availability Start": "14.08",
    "Availability End": "16.08",
    "Ceny": {
      "Cena_regularna": "",
      "Cena_promocyjna": "",
      "Jednostka": "",
      "Cena_za_jednostkę": "",
      "Procent_rabat": ""
    },
    "Warianty": {
      "Opcje": "",
      "Limit": ""
    }
  },
  {
    "URL": "https://www.biedronka.pl/pl/product,id,450387",
    "Title": "Szpinak XXL Vital Fresh, 300 g - Produkt - Biedronka.pl",
    "Product Unavailable": "",
    "PLN": "5",
    "GR": "99",
    "Amount Info": "/opak.",
    "Description": "",
    "Availability Start": "14.08",
    "Availability End": "16.08",
    "Ceny": {
      "Cena_regularna": "",
      "Cena_promocyjna": "",
      "Jednostka": "",
      "Cena_za_jednostkę": "",
      "Procent_rabat": ""
    },
    "Warianty": {
      "Opcje": "",
      "Limit": ""
    }
  },
  {
    "URL": "https://www.biedronka.pl/pl/product,id,450426",
    "Title": "Kofta Grill House Sokołów, 400 g - Produkt - Biedronka.pl",
    "Product Unavailable": "",
    "PLN": "11",
    "GR": "99",
    "Amount Info": "/opak.",
    "Description": "",
    "Availability Start": "14.08",
    "Availability End": "16.08",
    "Ceny": {
      "Cena_regularna": "",
      "Cena_promocyjna": "",
      "Jednostka": "",
      "Cena_za_jednostkę": "",
      "Procent_rabat": ""
    },
    "Warianty": {
      "Opcje": "",
      "Limit": ""
    }
  },
  {
    "URL": "https://www.biedronka.pl/pl/product,id,450326",
    "Title": "Łosoś Coho rodzinna porcja Marinero - Produkt - Biedronka.pl",
    "Product Unavailable": "",
    "PLN": "4",
    "GR": "99",
    "Amount Info": "/100 g",
    "Description": "Cena regularna: 59,90 zł/kg, 16% taniejCena przed obniżką: 59,90 zł/kg, 16% mniej",
    "Availability Start": "14.08",
    "Availability End": "16.08",
    "Ceny": {
      "Cena_regularna": "59.90",
      "Cena_promocyjna": "50.32",
      "Jednostka": "/kg",
      "Cena_za_jednostkę": "",
      "Procent_rabat": "16"
    },
    "Warianty": {
      "Opcje": "",
      "Limit": ""
    }
  },
  {
    "URL": "https://www.biedronka.pl/pl/product,id,450266",
    "Title": "Papier toaletowy rumiankowy Regina Mega Paczka, 16 rolek - Produkt - Biedronka.pl",
    "Product Unavailable": "",
    "PLN": "17",
    "GR": "99",
    "Amount Info": "cena za 1 opak. przy zakupie 2 opak.",
    "Description": "Cena regularna: 28,99 zł/opak. (1,81 zł/rolka), 37% taniejNajniższa cena z 30 dni przed obniżką: 16,99 zł/opak.",
    "Availability Start": "11.08",
    "Availability End": "16.08",
    "Ceny": {
      "Cena_regularna": "28.99",
      "Cena_promocyjna": "18.26",
      "Jednostka": "/opak",
      "Cena_za_jednostkę": "",
      "Procent_rabat": "37"
    },
    "Warianty": {
      "Opcje": "",
      "Limit": ""
    }
  },
  {
    "URL": "https://www.biedronka.pl/pl/product,id,450416",
    "Title": "Szaszłyk grillowy w marynacie Chakalaka Czas na Grill, 400 g - Produkt - Biedronka.pl",
    "Product Unavailable": "",
    "PLN": "16",
    "GR": "99",
    "Amount Info": "/opak.",
    "Description": "",
    "Availability Start": "14.08",
    "Availability End": "16.08",
    "Ceny": {
      "Cena_regularna": "",
      "Cena_promocyjna": "",
      "Jednostka": "",
      "Cena_za_jednostkę": "",
      "Procent_rabat": ""
    },
    "Warianty": {
      "Opcje": "",
      "Limit": ""
    }
  },
  {
    "URL": "https://www.biedronka.pl/pl/product,id,450346",
    "Title": "Kotlet cielęcy z kością Gourmet, 200 g - Produkt - Biedronka.pl",
    "Product Unavailable": "",
    "PLN": "21",
    "GR": "99",
    "Amount Info": "/opak.",
    "Description": "Oferta dostępna w sklepach bez lady tradycyjnej.",
    "Availability Start": "14.08",
    "Availability End": "16.08",
    "Ceny": {
      "Cena_regularna": "",
      "Cena_promocyjna": "",
      "Jednostka": "",
      "Cena_za_jednostkę": "",
      "Procent_rabat": ""
    },
    "Warianty": {
      "Opcje": "",
      "Limit": ""
    }
  },
  {
    "URL": "https://www.biedronka.pl/pl/product,id,450386",
    "Title": "Sałata rzymska mini Go Bio, opak. 2 szt. - Produkt - Biedronka.pl",
    "Product Unavailable": "",
    "PLN": "6",
    "GR": "99",
    "Amount Info": "/opak.",
    "Description": "",
    "Availability Start": "14.08",
    "Availability End": "16.08",
    "Ceny": {
      "Cena_regularna": "",
      "Cena_promocyjna": "",
      "Jednostka": "",
      "Cena_za_jednostkę": "",
      "Procent_rabat": ""
    },
    "Warianty": {
      "Opcje": "",
      "Limit": ""
    }
  },
  {
    "URL": "https://www.biedronka.pl/pl/product,id,450267",
    "Title": "Papier nawilżany Queen, 60 szt. - Produkt - Biedronka.pl",
    "Product Unavailable": "",
    "PLN": "3",
    "GR": "99",
    "Amount Info": "cena za 1 opak. przy zakupie 3 opak.",
    "Description": "Cena regularna: 4,79 zł/opak. (0,08 zł/szt.), 16% taniejNajniższa cena z 30 dni przed obniżką: 4,79 zł/opak., 16% mniej",
    "Availability Start": "11.08",
    "Availability End": "16.08",
    "Ceny": {
      "Cena_regularna": "4.79",
      "Cena_promocyjna": "4.02",
      "Jednostka": "/opak",
      "Cena_za_jednostkę": "",
      "Procent_rabat": "16"
    },
    "Warianty": {
      "Opcje": "",
      "Limit": ""
    }
  },
  {
    "URL": "https://www.biedronka.pl/pl/product,id,450407",
    "Title": "Kaszanka wieprzowa Kraina Wędlin, 500 g - Produkt - Biedronka.pl",
    "Product Unavailable": "",
    "PLN": "3",
    "GR": "99",
    "Amount Info": "cena za 1 opak. przy zakupie 2 opak.",
    "Description": "Cena regularna: 6,59 zł/opak. (13,18 zł/kg), 39% taniejCena przed obniżką: 6,59 zł/opak., 39% mniejLimit dzienny 4 opak. na kartę Moja Biedronka.",
    "Availability Start": "14.08",
    "Availability End": "16.08",
    "Ceny": {
      "Cena_regularna": "6.59",
      "Cena_promocyjna": "4.02",
      "Jednostka": "/opak",
      "Cena_za_jednostkę": "",
      "Procent_rabat": "39"
    },
    "Warianty": {
      "Opcje": "",
      "Limit": "4"
    }
  },
  {
    "URL": "https://www.biedronka.pl/pl/product,id,450447",
    "Title": "Bułki pszenne do hamburgerów Brioche Aryzta, 300 g - Produkt - Biedronka.pl",
    "Product Unavailable": "",
    "PLN": "6",
    "GR": "19",
    "Amount Info": "/opak.",
    "Description": "",
    "Availability Start": "14.08",
    "Availability End": "16.08",
    "Ceny": {
      "Cena_regularna": "",
      "Cena_promocyjna": "",
      "Jednostka": "",
      "Cena_za_jednostkę": "",
      "Procent_rabat": ""
    },
    "Warianty": {
      "Opcje": "",
      "Limit": ""
    }
  },
  {
    "URL": "https://www.biedronka.pl/pl/product,id,450306",
    "Title": "Słoneczniki, 3 szt. - Produkt - Biedronka.pl",
    "Product Unavailable": "",
    "PLN": "14",
    "GR": "99",
    "Amount Info": "/bukiet",
    "Description": "Cena nie obejmuje ozdobnych doniczek, wazonów i osłonek.",
    "Availability Start": "14.08",
    "Availability End": "16.08",
    "Ceny": {
      "Cena_regularna": "",
      "Cena_promocyjna": "",
      "Jednostka": "",
      "Cena_za_jednostkę": "",
      "Procent_rabat": ""
    },
    "Warianty": {
      "Opcje": "",
      "Limit": ""
    }
  },
  {
    "URL": "https://www.biedronka.pl/pl/product,id,450268",
    "Title": "Chusteczki higieniczne Delikatne Queen, 150 szt. - Produkt - Biedronka.pl",
    "Product Unavailable": "",
    "PLN": "3",
    "GR": "69",
    "Amount Info": "cena za 1 opak. przy zakupie 2 opak.",
    "Description": "różne rodzajeCena regularna: 3,99 zł/opak. (0,03 zł/szt.), 7% taniejNajniższa cena z 30 dni przed obniżką: 3,69 zł/opak.",
    "Availability Start": "11.08",
    "Availability End": "16.08",
    "Ceny": {
      "Cena_regularna": "3.99",
      "Cena_promocyjna": "3.71",
      "Jednostka": "/opak",
      "Cena_za_jednostkę": "",
      "Procent_rabat": "7"
    },
    "Warianty": {
      "Opcje": "",
      "Limit": ""
    }
  },
  {
    "URL": "https://www.biedronka.pl/pl/product,id,450246",
    "Title": "Pasta do zębów Sensodyne Extra Whitening, 100 ml - Produkt - Biedronka.pl",
    "Product Unavailable": "",
    "PLN": "12",
    "GR": "99",
    "Amount Info": "/opak.",
    "Description": "Cena regularna: 19,99 zł/opak., 35% taniejNajniższa cena z 30 dni przed obniżką: 12,99 zł/opak.",
    "Availability Start": "11.08",
    "Availability End": "16.08",
    "Ceny": {
      "Cena_regularna": "19.99",
      "Cena_promocyjna": "12.99",
      "Jednostka": "/opak",
      "Cena_za_jednostkę": "",
      "Procent_rabat": "35"
    },
    "Warianty": {
      "Opcje": "",
      "Limit": ""
    }
  },
  {
    "URL": "https://www.biedronka.pl/pl/product,id,450446",
    "Title": "Bułki Burger Master Pano, 4 szt., 320 g - Produkt - Biedronka.pl",
    "Product Unavailable": "",
    "PLN": "3",
    "GR": "99",
    "Amount Info": "cena za 1 opak. przy zakupie 2 opak.",
    "Description": "Cena regularna: 5,69 zł/opak. (17,78 zł/kg), 29% taniejNajniższa cena z 30 dni przed obniżką: 4,49 zł/opak., 11% mniej",
    "Availability Start": "14.08",
    "Availability End": "16.08",
    "Ceny": {
      "Cena_regularna": "5.69",
      "Cena_promocyjna": "4.04",
      "Jednostka": "/opak",
      "Cena_za_jednostkę": "",
      "Procent_rabat": "29"
    },
    "Warianty": {
      "Opcje": "",
      "Limit": ""
    }
  },
  {
    "URL": "https://www.biedronka.pl/pl/product,id,450427",
    "Title": "Ser Favita 18% Mlekovita, 270 g - Produkt - Biedronka.pl",
    "Product Unavailable": "",
    "PLN": "5",
    "GR": "69",
    "Amount Info": "/opak.",
    "Description": "",
    "Availability Start": "14.08",
    "Availability End": "20.08",
    "Ceny": {
      "Cena_regularna": "",
      "Cena_promocyjna": "",
      "Jednostka": "",
      "Cena_za_jednostkę": "",
      "Procent_rabat": ""
    },
    "Warianty": {
      "Opcje": "",
      "Limit": ""
    }
  },
  {
    "URL": "https://www.biedronka.pl/pl/product,id,450247",
    "Title": "Woda lub balsam po goleniu Skino, 100 ml - Produkt - Biedronka.pl",
    "Product Unavailable": "",
    "PLN": "6",
    "GR": "49",
    "Amount Info": "cena za 1 opak. przy zakupie 2 opak.",
    "Description": "różne rodzajeCena regularna: 8,49 zł/opak. (84,90 zł/l), 23% taniejNajniższa cena z 30 dni przed obniżką: 6,49 zł/opak.",
    "Availability Start": "11.08",
    "Availability End": "16.08",
    "Ceny": {
      "Cena_regularna": "8.49",
      "Cena_promocyjna": "6.54",
      "Jednostka": "/opak",
      "Cena_za_jednostkę": "",
      "Procent_rabat": "23"
    },
    "Warianty": {
      "Opcje": "",
      "Limit": ""
    }
  },
  {
    "URL": "https://www.biedronka.pl/pl/product,id,450287",
    "Title": "Worki na śmieci z taśmą ściągającą Zosia, 60 l, 10 szt. lub 35 l, 15 szt. - Produkt - Biedronka.pl",
    "Product Unavailable": "",
    "PLN": "3",
    "GR": "99",
    "Amount Info": "cena za 1 opak. przy zakupie 2 opak.",
    "Description": "Cena regularna: 4,99 zł/opak. (0,50/0,33 zł/szt.), 20% taniejNajniższa cena z 30 dni przed obniżką: 60 l, 10 szt.: 3,74 zł/opak.; 35 l, 15 szt.: 2,99 zł/opak.",
    "Availability Start": "11.08",
    "Availability End": "16.08",
    "Ceny": {
      "Cena_regularna": "4.99",
      "Cena_promocyjna": "3.99",
      "Jednostka": "/opak",
      "Cena_za_jednostkę": "",
      "Procent_rabat": "20"
    },
    "Warianty": {
      "Opcje": "",
      "Limit": ""
    }
  },
  {
    "URL": "https://www.biedronka.pl/pl/product,id,450308",
    "Title": "Rośliny zielone - Produkt - Biedronka.pl",
    "Product Unavailable": "",
    "PLN": "54",
    "GR": "99",
    "Amount Info": "/szt.",
    "Description": "średnica doniczki 21 cmCena nie obejmuje ozdobnych doniczek, wazonów i osłonek.",
    "Availability Start": "14.08",
    "Availability End": "16.08",
    "Ceny": {
      "Cena_regularna": "",
      "Cena_promocyjna": "",
      "Jednostka": "",
      "Cena_za_jednostkę": "",
      "Procent_rabat": ""
    },
    "Warianty": {
      "Opcje": "",
      "Limit": ""
    }
  },
  {
    "URL": "https://www.biedronka.pl/pl/product,id,450327",
    "Title": "Świeży pstrąg tęczowy patroszony Marinero - Produkt - Biedronka.pl",
    "Product Unavailable": "",
    "PLN": "2",
    "GR": "49",
    "Amount Info": "/100 g",
    "Description": "Cena regularna: 36,60 zł/kg, 31% taniejCena przed obniżką: 36,60 zł/kg, 31% mniej",
    "Availability Start": "14.08",
    "Availability End": "16.08",
    "Ceny": {
      "Cena_regularna": "36.60",
      "Cena_promocyjna": "25.25",
      "Jednostka": "/kg",
      "Cena_za_jednostkę": "",
      "Procent_rabat": "31"
    },
    "Warianty": {
      "Opcje": "",
      "Limit": ""
    }
  },
  {
    "URL": "https://www.biedronka.pl/pl/product,id,450367",
    "Title": "Łosoś atlantycki dzwonko Marinero - Produkt - Biedronka.pl",
    "Product Unavailable": "",
    "PLN": "6",
    "GR": "49",
    "Amount Info": "/100 g",
    "Description": "",
    "Availability Start": "14.08",
    "Availability End": "16.08",
    "Ceny": {
      "Cena_regularna": "",
      "Cena_promocyjna": "",
      "Jednostka": "",
      "Cena_za_jednostkę": "",
      "Procent_rabat": ""
    },
    "Warianty": {
      "Opcje": "",
      "Limit": ""
    }
  },
  {
    "URL": "https://www.biedronka.pl/pl/product,id,450348",
    "Title": "Karkówka grillowa w marynacie paprykowej Czas na Grill - Produkt - Biedronka.pl",
    "Product Unavailable": "",
    "PLN": "19",
    "GR": "99",
    "Amount Info": "/kg",
    "Description": "Cena regularna: 29,99 zł/kg, 33% taniejCena przed obniżką: 29,99 zł/kg, 33% mniejOferta dostępna w sklepach z ladą tradycyjną.",
    "Availability Start": "14.08",
    "Availability End": "16.08",
    "Ceny": {
      "Cena_regularna": "29.99",
      "Cena_promocyjna": "20.09",
      "Jednostka": "/kg",
      "Cena_za_jednostkę": "",
      "Procent_rabat": "33"
    },
    "Warianty": {
      "Opcje": "",
      "Limit": ""
    }
  },
  {
    "URL": "https://www.biedronka.pl/pl/product,id,450248",
    "Title": "Golarki Skino 3 ostrza, 4 szt. - Produkt - Biedronka.pl",
    "Product Unavailable": "",
    "PLN": "5",
    "GR": "99",
    "Amount Info": "cena za 1 opak. przy zakupie 2 opak.",
    "Description": "Cena regularna: 7,99 zł/opak. (2,00 zł/szt.), 25% taniejNajniższa cena z 30 dni przed obniżką: 5,49 zł/opak.",
    "Availability Start": "11.08",
    "Availability End": "16.08",
    "Ceny": {
      "Cena_regularna": "7.99",
      "Cena_promocyjna": "5.99",
      "Jednostka": "/opak",
      "Cena_za_jednostkę": "",
      "Procent_rabat": "25"
    },
    "Warianty": {
      "Opcje": "",
      "Limit": ""
    }
  },
  {
    "URL": "https://www.biedronka.pl/pl/product,id,450347",
    "Title": "Szynka wieprzowa bez kości - Produkt - Biedronka.pl",
    "Product Unavailable": "",
    "PLN": "13",
    "GR": "99",
    "Amount Info": "/kg",
    "Description": "Cena regularna: 20,99 zł/kg, 33% taniejCena przed obniżką: 20,99 zł/kg, 33% mniejLimit dzienny 3 kg na kartę Moja Biedronka.Oferta dostępna w sklepach z ladą tradycyjną.",
    "Availability Start": "14.08",
    "Availability End": "16.08",
    "Ceny": {
      "Cena_regularna": "20.99",
      "Cena_promocyjna": "14.06",
      "Jednostka": "/kg",
      "Cena_za_jednostkę": "",
      "Procent_rabat": "33"
    },
    "Warianty": {
      "Opcje": "",
      "Limit": "3"
    }
  },
  {
    "URL": "https://www.biedronka.pl/pl/product,id,450307",
    "Title": "Anturium - Produkt - Biedronka.pl",
    "Product Unavailable": "",
    "PLN": "21",
    "GR": "99",
    "Amount Info": "/szt.",
    "Description": "średnica doniczki 12 cmCena nie obejmuje ozdobnych doniczek, wazonów i osłonek.",
    "Availability Start": "14.08",
    "Availability End": "16.08",
    "Ceny": {
      "Cena_regularna": "",
      "Cena_promocyjna": "",
      "Jednostka": "",
      "Cena_za_jednostkę": "",
      "Procent_rabat": ""
    },
    "Warianty": {
      "Opcje": "",
      "Limit": ""
    }
  },
  {
    "URL": "https://www.biedronka.pl/pl/product,id,450388",
    "Title": "Surówka Biała Colesław Vital Fresh, 250 g - Produkt - Biedronka.pl",
    "Product Unavailable": "",
    "PLN": "4",
    "GR": "99",
    "Amount Info": "/opak.",
    "Description": "",
    "Availability Start": "14.08",
    "Availability End": "16.08",
    "Ceny": {
      "Cena_regularna": "",
      "Cena_promocyjna": "",
      "Jednostka": "",
      "Cena_za_jednostkę": "",
      "Procent_rabat": ""
    },
    "Warianty": {
      "Opcje": "",
      "Limit": ""
    }
  },
  {
    "URL": "https://www.biedronka.pl/pl/product,id,450328",
    "Title": "Kaszanka wieprzowa Kraina Wędlin, 500 g - Produkt - Biedronka.pl",
    "Product Unavailable": "",
    "PLN": "3",
    "GR": "99",
    "Amount Info": "cena za 1 opak. przy zakupie 2 opak.",
    "Description": "Cena regularna: 6,59 zł/opak. (13,18 zł/kg), 39% taniejCena przed obniżką: 6,59 zł/opak., 39% mniejLimit dzienny 4 opak. na kartę Moja Biedronka.",
    "Availability Start": "14.08",
    "Availability End": "16.08",
    "Ceny": {
      "Cena_regularna": "6.59",
      "Cena_promocyjna": "4.02",
      "Jednostka": "/opak",
      "Cena_za_jednostkę": "",
      "Procent_rabat": "39"
    },
    "Warianty": {
      "Opcje": "",
      "Limit": "4"
    }
  },
  {
    "URL": "https://www.biedronka.pl/pl/product,id,450448",
    "Title": "Bułki do hot dogów typu francuskiego Pano, 4x60 g - Produkt - Biedronka.pl",
    "Product Unavailable": "",
    "PLN": "3",
    "GR": "99",
    "Amount Info": "cena za 1 opak. przy zakupie 2 opak.",
    "Description": "pszenno-żytnie, grahamCena regularna: 5,19 zł/opak. (21,63 zł/kg), 23% taniejNajniższa cena z 30 dni przed obniżką: 3,99 zł/opak.",
    "Availability Start": "14.08",
    "Availability End": "16.08",
    "Ceny": {
      "Cena_regularna": "5.19",
      "Cena_promocyjna": "4.00",
      "Jednostka": "/opak",
      "Cena_za_jednostkę": "",
      "Procent_rabat": "23"
    },
    "Warianty": {
      "Opcje": "",
      "Limit": ""
    }
  },
  {
    "URL": "https://www.biedronka.pl/pl/product,id,450428",
    "Title": "Ser smażony w obsypce Kowalewski - Produkt - Biedronka.pl",
    "Product Unavailable": "",
    "PLN": "4",
    "GR": "99",
    "Amount Info": "/100 g",
    "Description": "różne rodzaje",
    "Availability Start": "14.08",
    "Availability End": "20.08",
    "Ceny": {
      "Cena_regularna": "",
      "Cena_promocyjna": "",
      "Jednostka": "",
      "Cena_za_jednostkę": "",
      "Procent_rabat": ""
    },
    "Warianty": {
      "Opcje": "",
      "Limit": ""
    }
  },
  {
    "URL": "https://www.biedronka.pl/pl/product,id,450368",
    "Title": "Łosoś Coho rodzinna porcja Marinero - Produkt - Biedronka.pl",
    "Product Unavailable": "",
    "PLN": "4",
    "GR": "99",
    "Amount Info": "/100 g",
    "Description": "Cena regularna: 59,90 zł/kg, 16% taniejCena przed obniżką: 59,90 zł/kg, 16% mniej",
    "Availability Start": "14.08",
    "Availability End": "16.08",
    "Ceny": {
      "Cena_regularna": "59.90",
      "Cena_promocyjna": "50.32",
      "Jednostka": "/kg",
      "Cena_za_jednostkę": "",
      "Procent_rabat": "16"
    },
    "Warianty": {
      "Opcje": "",
      "Limit": ""
    }
  },
  {
    "URL": "https://www.biedronka.pl/pl/product,id,450389",
    "Title": "Gruszka polska klapsa na wagę - Produkt - Biedronka.pl",
    "Product Unavailable": "",
    "PLN": "9",
    "GR": "99",
    "Amount Info": "/kg",
    "Description": "",
    "Availability Start": "14.08",
    "Availability End": "16.08",
    "Ceny": {
      "Cena_regularna": "",
      "Cena_promocyjna": "",
      "Jednostka": "",
      "Cena_za_jednostkę": "",
      "Procent_rabat": ""
    },
    "Warianty": {
      "Opcje": "",
      "Limit": ""
    }
  },
  {
    "URL": "https://www.biedronka.pl/pl/product,id,450449",
    "Title": "Bagietka w stylu bruschetta Yeemy, 175 g - Produkt - Biedronka.pl",
    "Product Unavailable": "",
    "PLN": "3",
    "GR": "85",
    "Amount Info": "/opak.",
    "Description": "",
    "Availability Start": "14.08",
    "Availability End": "16.08",
    "Ceny": {
      "Cena_regularna": "",
      "Cena_promocyjna": "",
      "Jednostka": "",
      "Cena_za_jednostkę": "",
      "Procent_rabat": ""
    },
    "Warianty": {
      "Opcje": "",
      "Limit": ""
    }
  },
  {
    "URL": "https://www.biedronka.pl/pl/product,id,450369",
    "Title": "Świeży pstrąg tęczowy patroszony Marinero - Produkt - Biedronka.pl",
    "Product Unavailable": "",
    "PLN": "2",
    "GR": "49",
    "Amount Info": "/100 g",
    "Description": "Cena regularna: 36,60 zł/kg, 31% taniejCena przed obniżką: 36,60 zł/kg, 31% mniej",
    "Availability Start": "14.08",
    "Availability End": "16.08",
    "Ceny": {
      "Cena_regularna": "36.60",
      "Cena_promocyjna": "25.25",
      "Jednostka": "/kg",
      "Cena_za_jednostkę": "",
      "Procent_rabat": "31"
    },
    "Warianty": {
      "Opcje": "",
      "Limit": ""
    }
  },
  {
    "URL": "https://www.biedronka.pl/pl/product,id,450288",
    "Title": "Papier do pieczenia Zosia, 20 m - Produkt - Biedronka.pl",
    "Product Unavailable": "",
    "PLN": "5",
    "GR": "99",
    "Amount Info": "cena za 1 opak. przy zakupie 2 opak.",
    "Description": "Cena regularna: 7,99 zł/opak. (0,40 zł/m), 25% taniejNajniższa cena z 30 dni przed obniżką: 5,99 zł/opak.",
    "Availability Start": "11.08",
    "Availability End": "16.08",
    "Ceny": {
      "Cena_regularna": "7.99",
      "Cena_promocyjna": "5.99",
      "Jednostka": "/opak",
      "Cena_za_jednostkę": "",
      "Procent_rabat": "25"
    },
    "Warianty": {
      "Opcje": "",
      "Limit": ""
    }
  },
  {
    "URL": "https://www.biedronka.pl/pl/product,id,450408",
    "Title": "Kiełbasa Śląska z serem cheddar Czas na Grill, 450 g - Produkt - Biedronka.pl",
    "Product Unavailable": "",
    "PLN": "11",
    "GR": "99",
    "Amount Info": "cena za 1 opak. przy zakupie 2 opak.",
    "Description": "Cena regularna: 16,79 zł/opak. (37,31 zł/kg), 28% taniejCena przed obniżką: 16,79 zł/opak., 28% mniej",
    "Availability Start": "14.08",
    "Availability End": "16.08",
    "Ceny": {
      "Cena_regularna": "16.79",
      "Cena_promocyjna": "12.09",
      "Jednostka": "/opak",
      "Cena_za_jednostkę": "",
      "Procent_rabat": "28"
    },
    "Warianty": {
      "Opcje": "",
      "Limit": ""
    }
  },
  {
    "URL": "https://www.biedronka.pl/pl/product,id,450390",
    "Title": "Kiełbasa Morlińska z szynki Morliny, 500 g - Produkt - Biedronka.pl",
    "Product Unavailable": "",
    "PLN": "7",
    "GR": "35",
    "Amount Info": "cena za 1 opak. przy zakupie 2 opak.",
    "Description": "Cena regularna: 14,69 zł/opak. (29,38 zł/kg), 50% taniejCena przed obniżką: 14,69 zł/opak., 50% mniejLimit dzienny 4 opak. na kartę Moja Biedronka",
    "Availability Start": "14.08",
    "Availability End": "16.08",
    "Ceny": {
      "Cena_regularna": "14.69",
      "Cena_promocyjna": "7.34",
      "Jednostka": "/opak",
      "Cena_za_jednostkę": "",
      "Procent_rabat": "50"
    },
    "Warianty": {
      "Opcje": "",
      "Limit": "4"
    }
  },
  {
    "URL": "https://www.biedronka.pl/pl/product,id,450309",
    "Title": "Piwo Żywiec, 500 ml - Produkt - Biedronka.pl",
    "Product Unavailable": "",
    "PLN": "2",
    "GR": "49",
    "Amount Info": "cena za 1 puszkę przy zakupie 6-paku",
    "Description": "Cena regularna: 4,39 zł/puszka (8,78 zł/l), 43% taniejNajniższa cena z 30 dni przed obniżką: 2,00 zł/puszkaLimit dzienny 12 puszek na kartę Moja Biedronka.",
    "Availability Start": "14.08",
    "Availability End": "16.08",
    "Ceny": {
      "Cena_regularna": "4.39",
      "Cena_promocyjna": "2.50",
      "Jednostka": "/puszka",
      "Cena_za_jednostkę": "",
      "Procent_rabat": "43"
    },
    "Warianty": {
      "Opcje": "",
      "Limit": "12"
    }
  },
  {
    "URL": "https://www.biedronka.pl/pl/product,id,450409",
    "Title": "Kaszanka gryczana Czas na Grill, 500 g - Produkt - Biedronka.pl",
    "Product Unavailable": "",
    "PLN": "6",
    "GR": "99",
    "Amount Info": "/opak.",
    "Description": "",
    "Availability Start": "14.08",
    "Availability End": "16.08",
    "Ceny": {
      "Cena_regularna": "",
      "Cena_promocyjna": "",
      "Jednostka": "",
      "Cena_za_jednostkę": "",
      "Procent_rabat": ""
    },
    "Warianty": {
      "Opcje": "",
      "Limit": ""
    }
  },
  {
    "URL": "https://www.biedronka.pl/pl/product,id,450429",
    "Title": "Ser camembert na grill President, 2x100 g + sos 30 g - Produkt - Biedronka.pl",
    "Product Unavailable": "",
    "PLN": "10",
    "GR": "99",
    "Amount Info": "/opak.",
    "Description": "",
    "Availability Start": "14.08",
    "Availability End": "20.08",
    "Ceny": {
      "Cena_regularna": "",
      "Cena_promocyjna": "",
      "Jednostka": "",
      "Cena_za_jednostkę": "",
      "Procent_rabat": ""
    },
    "Warianty": {
      "Opcje": "",
      "Limit": ""
    }
  },
  {
    "URL": "https://www.biedronka.pl/pl/product,id,450349",
    "Title": "Skrzydełka z kurczaka w marynacie grillowej - Produkt - Biedronka.pl",
    "Product Unavailable": "",
    "PLN": "12",
    "GR": "99",
    "Amount Info": "/kg",
    "Description": "Cena regularna: 16,99 zł/kg, 23% taniejCena przed obniżką: 16,99 zł/kg, 23% mniejOferta dostępna w sklepach z ladą tradycyjną.",
    "Availability Start": "14.08",
    "Availability End": "16.08",
    "Ceny": {
      "Cena_regularna": "16.99",
      "Cena_promocyjna": "13.08",
      "Jednostka": "/kg",
      "Cena_za_jednostkę": "",
      "Procent_rabat": "23"
    },
    "Warianty": {
      "Opcje": "",
      "Limit": ""
    }
  },
  {
    "URL": "https://www.biedronka.pl/pl/product,id,450289",
    "Title": "Wkład do dzbanków filtrujących Dafi - Produkt - Biedronka.pl",
    "Product Unavailable": "",
    "PLN": "9",
    "GR": "99",
    "Amount Info": "cena za 1 opak. przy zakupie 2 opak.",
    "Description": "różne rodzajeCena regularna: 11,99 zł/opak., 16% taniejNajniższa cena z 30 dni przed obniżką: 9,99 zł/opak.",
    "Availability Start": "11.08",
    "Availability End": "16.08",
    "Ceny": {
      "Cena_regularna": "11.99",
      "Cena_promocyjna": "10.07",
      "Jednostka": "/opak",
      "Cena_za_jednostkę": "",
      "Procent_rabat": "16"
    },
    "Warianty": {
      "Opcje": "",
      "Limit": ""
    }
  },
  {
    "URL": "https://www.biedronka.pl/pl/product,id,450269",
    "Title": "Podpaski Femina - Produkt - Biedronka.pl",
    "Product Unavailable": "",
    "PLN": "3",
    "GR": "99",
    "Amount Info": "cena za 1 opak. przy zakupie 3 opak.",
    "Description": "10 szt., 16 szt., 9 szt.Cena regularna: 5,99 zł/opak. (0,60/0,37/0,67 zł/szt.), 33% taniejNajniższa cena z 30 dni przed obniżką: 3,49 zł/opak.",
    "Availability Start": "11.08",
    "Availability End": "16.08",
    "Ceny": {
      "Cena_regularna": "5.99",
      "Cena_promocyjna": "4.01",
      "Jednostka": "/opak",
      "Cena_za_jednostkę": "",
      "Procent_rabat": "33"
    },
    "Warianty": {
      "Opcje": "",
      "Limit": ""
    }
  },
  {
    "URL": "https://www.biedronka.pl/pl/product,id,450310",
    "Title": "Piwo Kizer 0%, 500 ml - Produkt - Biedronka.pl",
    "Product Unavailable": "",
    "PLN": "4",
    "GR": "49",
    "Amount Info": "/puszka",
    "Description": "cytryna, mango-brzoskwinia",
    "Availability Start": "14.08",
    "Availability End": "20.08",
    "Ceny": {
      "Cena_regularna": "",
      "Cena_promocyjna": "",
      "Jednostka": "",
      "Cena_za_jednostkę": "",
      "Procent_rabat": ""
    },
    "Warianty": {
      "Opcje": "",
      "Limit": ""
    }
  },
  {
    "URL": "https://www.biedronka.pl/pl/product,id,450430",
    "Title": "Ser Janosika, 175 g + sos żurawinowy Światowid, 50 g - Produkt - Biedronka.pl",
    "Product Unavailable": "",
    "PLN": "13",
    "GR": "99",
    "Amount Info": "/opak.",
    "Description": "",
    "Availability Start": "14.08",
    "Availability End": "20.08",
    "Ceny": {
      "Cena_regularna": "",
      "Cena_promocyjna": "",
      "Jednostka": "",
      "Cena_za_jednostkę": "",
      "Procent_rabat": ""
    },
    "Warianty": {
      "Opcje": "",
      "Limit": ""
    }
  },
  {
    "URL": "https://www.biedronka.pl/pl/product,id,450270",
    "Title": "Podpaski Naturella Ultra - Produkt - Biedronka.pl",
    "Product Unavailable": "",
    "PLN": "7",
    "GR": "99",
    "Amount Info": "/opak.",
    "Description": "16 szt., 20 szt., 14 szt.Cena regularna: 9,99 zł/opak., 20% taniejNajniższa cena z 30 dni przed obniżką: 7,99 zł/opak.",
    "Availability Start": "11.08",
    "Availability End": "16.08",
    "Ceny": {
      "Cena_regularna": "9.99",
      "Cena_promocyjna": "7.99",
      "Jednostka": "/opak",
      "Cena_za_jednostkę": "",
      "Procent_rabat": "20"
    },
    "Warianty": {
      "Opcje": "",
      "Limit": ""
    }
  },
  {
    "URL": "https://www.biedronka.pl/pl/product,id,450329",
    "Title": "Kiełbasa Śląska z serem cheddar Czas na Grill, 450 g - Produkt - Biedronka.pl",
    "Product Unavailable": "",
    "PLN": "11",
    "GR": "99",
    "Amount Info": "cena za 1 opak. przy zakupie 2 opak.",
    "Description": "Cena regularna: 16,79 zł/opak. (37,31 zł/kg), 28% taniejCena przed obniżką: 16,79 zł/opak., 28% mniej",
    "Availability Start": "14.08",
    "Availability End": "16.08",
    "Ceny": {
      "Cena_regularna": "16.79",
      "Cena_promocyjna": "12.09",
      "Jednostka": "/opak",
      "Cena_za_jednostkę": "",
      "Procent_rabat": "28"
    },
    "Warianty": {
      "Opcje": "",
      "Limit": ""
    }
  },
  {
    "URL": "https://www.biedronka.pl/pl/product,id,450290",
    "Title": "Kreatyna monohydrat Activlab, 300 g - Produkt - Biedronka.pl",
    "Product Unavailable": "",
    "PLN": "39",
    "GR": "99",
    "Amount Info": "cena za 1 opak. przy zakupie 2 opak.",
    "Description": "różne rodzajeCena regularna: 49,99 zł/opak. (166,63 zł/kg), 20% taniejNajniższa cena z 30 dni przed obniżką: 39,99 zł/opak.",
    "Availability Start": "11.08",
    "Availability End": "16.08",
    "Ceny": {
      "Cena_regularna": "49.99",
      "Cena_promocyjna": "39.99",
      "Jednostka": "/opak",
      "Cena_za_jednostkę": "",
      "Procent_rabat": "20"
    },
    "Warianty": {
      "Opcje": "",
      "Limit": ""
    }
  },
  {
    "URL": "https://www.biedronka.pl/pl/product,id,450249",
    "Title": "Maszynki do golenia Be Beauty 3 ostrza, 4 szt. - Produkt - Biedronka.pl",
    "Product Unavailable": "",
    "PLN": "7",
    "GR": "99",
    "Amount Info": "cena za 1 opak. przy zakupie 2 opak.",
    "Description": "Cena regularna: 9,99 zł/opak. (2,50 zł/szt.), 20% taniejNajniższa cena z 30 dni przed obniżką: 7,99 zł/opak.",
    "Availability Start": "11.08",
    "Availability End": "16.08",
    "Ceny": {
      "Cena_regularna": "9.99",
      "Cena_promocyjna": "7.99",
      "Jednostka": "/opak",
      "Cena_za_jednostkę": "",
      "Procent_rabat": "20"
    },
    "Warianty": {
      "Opcje": "",
      "Limit": ""
    }
  },
  {
    "URL": "https://www.biedronka.pl/pl/product,id,450250",
    "Title": "Maszynka Wilkinson Xtreme 3, 1 szt. - Produkt - Biedronka.pl",
    "Product Unavailable": "",
    "PLN": "3",
    "GR": "49",
    "Amount Info": "cena za 1 opak. przy zakupie 2 opak.",
    "Description": "różne rodzajeCena regularna: 4,99 zł/opak., 30% taniejNajniższa cena z 30 dni przed obniżką: 3,49 zł/opak.",
    "Availability Start": "11.08",
    "Availability End": "16.08",
    "Ceny": {
      "Cena_regularna": "4.99",
      "Cena_promocyjna": "3.49",
      "Jednostka": "/opak",
      "Cena_za_jednostkę": "",
      "Procent_rabat": "30"
    },
    "Warianty": {
      "Opcje": "",
      "Limit": ""
    }
  },
  {
    "URL": "https://www.biedronka.pl/pl/product,id,450350",
    "Title": "Szynka farmerska Duda - Produkt - Biedronka.pl",
    "Product Unavailable": "",
    "PLN": "2",
    "GR": "49",
    "Amount Info": "/100 g",
    "Description": "Cena regularna: 33,90 zł/kg (3,39 zł/100 g), 26% taniejCena przed obniżką: 33,90 zł/kg, 26% mniejOferta dostępna w sklepach z ladą tradycyjną.",
    "Availability Start": "14.08",
    "Availability End": "16.08",
    "Ceny": {
      "Cena_regularna": "33.90",
      "Cena_promocyjna": "25.09",
      "Jednostka": "/kg",
      "Cena_za_jednostkę": "",
      "Procent_rabat": "26"
    },
    "Warianty": {
      "Opcje": "",
      "Limit": ""
    }
  },
  {
    "URL": "https://www.biedronka.pl/pl/product,id,450330",
    "Title": "Kiełbasa śląska z szynki Kraina Wędlin Select, 450 g - Produkt - Biedronka.pl",
    "Product Unavailable": "",
    "PLN": "10",
    "GR": "99",
    "Amount Info": "cena za 1 opak. przy zakupie 2 opak.",
    "Description": "Cena regularna: 14,59 zł/opak. (32,42 zł/kg), 24% taniejCena przed obniżką: 14,59 zł/opak., 24% mniejLimit dzienny 6 opak. na kartę Moja Biedronka",
    "Availability Start": "14.08",
    "Availability End": "16.08",
    "Ceny": {
      "Cena_regularna": "14.59",
      "Cena_promocyjna": "11.09",
      "Jednostka": "/opak",
      "Cena_za_jednostkę": "",
      "Procent_rabat": "24"
    },
    "Warianty": {
      "Opcje": "",
      "Limit": "6"
    }
  },
  {
    "URL": "https://www.biedronka.pl/pl/product,id,450331",
    "Title": "Kiszka ziemniaczana Gzella, 580 g - Produkt - Biedronka.pl",
    "Product Unavailable": "",
    "PLN": "8",
    "GR": "99",
    "Amount Info": "cena za 1 opak. przy zakupie 2 opak.",
    "Description": "Cena regularna: 12,99 zł/opak. (22,40 zł/kg), 30% taniejCena przed obniżką: 12,99 zł/opak., 30% mniej",
    "Availability Start": "14.08",
    "Availability End": "16.08",
    "Ceny": {
      "Cena_regularna": "12.99",
      "Cena_promocyjna": "9.09",
      "Jednostka": "/opak",
      "Cena_za_jednostkę": "",
      "Procent_rabat": "30"
    },
    "Warianty": {
      "Opcje": "",
      "Limit": ""
    }
  },
  {
    "URL": "https://www.biedronka.pl/pl/product,id,450291",
    "Title": "Wkład olejowy do zniczy Lumia, 240 g - Produkt - Biedronka.pl",
    "Product Unavailable": "",
    "PLN": "3",
    "GR": "79",
    "Amount Info": "cena za 1 szt. przy zakupie 4 szt.",
    "Description": "Cena regularna: 4,95 zł/szt. (20,63 zł/kg), 23% taniejNajniższa cena z 30 dni przed obniżką: 2,99 zł/szt.",
    "Availability Start": "11.08",
    "Availability End": "16.08",
    "Ceny": {
      "Cena_regularna": "4.95",
      "Cena_promocyjna": "3.81",
      "Jednostka": "/szt",
      "Cena_za_jednostkę": "",
      "Procent_rabat": "23"
    },
    "Warianty": {
      "Opcje": "",
      "Limit": ""
    }
  },
  {
    "URL": "https://www.biedronka.pl/pl/product,id,450352",
    "Title": "Kiełbasa podwawelska - Produkt - Biedronka.pl",
    "Product Unavailable": "",
    "PLN": "2",
    "GR": "29",
    "Amount Info": "/100 g",
    "Description": "Cena regularna: 27,90 zł/kg, 17% taniejCena przed obniżką: 27,90 zł/kg, 17% mniejOferta dostępna w sklepach z ladą tradycyjną.",
    "Availability Start": "14.08",
    "Availability End": "16.08",
    "Ceny": {
      "Cena_regularna": "27.90",
      "Cena_promocyjna": "23.16",
      "Jednostka": "/kg",
      "Cena_za_jednostkę": "",
      "Procent_rabat": "17"
    },
    "Warianty": {
      "Opcje": "",
      "Limit": ""
    }
  },
  {
    "URL": "https://www.biedronka.pl/pl/product,id,450451",
    "Title": "Foremki aluminiowe z pokrywką Czas na Grill, 15 szt. - Produkt - Biedronka.pl",
    "Product Unavailable": "",
    "PLN": "16",
    "GR": "99",
    "Amount Info": "/opak.",
    "Description": "",
    "Availability Start": "14.08",
    "Availability End": "16.08",
    "Ceny": {
      "Cena_regularna": "",
      "Cena_promocyjna": "",
      "Jednostka": "",
      "Cena_za_jednostkę": "",
      "Procent_rabat": ""
    },
    "Warianty": {
      "Opcje": "",
      "Limit": ""
    }
  },
  {
    "URL": "https://www.biedronka.pl/pl/product,id,450311",
    "Title": "Piwo Lech, 4x500 ml - Produkt - Biedronka.pl",
    "Product Unavailable": "",
    "PLN": "3",
    "GR": "99",
    "Amount Info": "cena za 1 puszkę przy zakupie 4-paku",
    "Description": "Cherry & Plum, Lemon & Pomelo",
    "Availability Start": "14.08",
    "Availability End": "20.08",
    "Ceny": {
      "Cena_regularna": "",
      "Cena_promocyjna": "",
      "Jednostka": "",
      "Cena_za_jednostkę": "",
      "Procent_rabat": ""
    },
    "Warianty": {
      "Opcje": "",
      "Limit": ""
    }
  },
  {
    "URL": "https://www.biedronka.pl/pl/product,id,450431",
    "Title": "Talarki serowe Ser na Grill, 4x70 g - Produkt - Biedronka.pl",
    "Product Unavailable": "",
    "PLN": "12",
    "GR": "99",
    "Amount Info": "/opak.",
    "Description": "z goudą, papryka chili, pomidor i bazylia",
    "Availability Start": "14.08",
    "Availability End": "20.08",
    "Ceny": {
      "Cena_regularna": "",
      "Cena_promocyjna": "",
      "Jednostka": "",
      "Cena_za_jednostkę": "",
      "Procent_rabat": ""
    },
    "Warianty": {
      "Opcje": "",
      "Limit": ""
    }
  },
  {
    "URL": "https://www.biedronka.pl/pl/product,id,450391",
    "Title": "Ser Mozzarella Delikate, 125 g - Produkt - Biedronka.pl",
    "Product Unavailable": "",
    "PLN": "1",
    "GR": "65",
    "Amount Info": "cena za 1 opak. przy zakupie 4 opak.",
    "Description": "Cena regularna: 3,29 zł/opak. (26,32 zł/kg), 50% taniejCena przed obniżką: 3,29 zł/opak., 50% mniejLimit dzienny 4 opak. na kartę Moja Biedronka",
    "Availability Start": "14.08",
    "Availability End": "14.08",
    "Ceny": {
      "Cena_regularna": "3.29",
      "Cena_promocyjna": "1.65",
      "Jednostka": "/opak",
      "Cena_za_jednostkę": "",
      "Procent_rabat": "50"
    },
    "Warianty": {
      "Opcje": "",
      "Limit": "4"
    }
  },
  {
    "URL": "https://www.biedronka.pl/pl/product,id,450370",
    "Title": "Pieczarka mini, opak. 250 g - Produkt - Biedronka.pl",
    "Product Unavailable": "",
    "PLN": "5",
    "GR": "49",
    "Amount Info": "/opak.",
    "Description": "",
    "Availability Start": "14.08",
    "Availability End": "16.08",
    "Ceny": {
      "Cena_regularna": "",
      "Cena_promocyjna": "",
      "Jednostka": "",
      "Cena_za_jednostkę": "",
      "Procent_rabat": ""
    },
    "Warianty": {
      "Opcje": "",
      "Limit": ""
    }
  },
  {
    "URL": "https://www.biedronka.pl/pl/product,id,450312",
    "Title": "Piwo Kasztelan niepasteryzowane, 9x500 ml - Produkt - Biedronka.pl",
    "Product Unavailable": "",
    "PLN": "2",
    "GR": "99",
    "Amount Info": "cena za 1 puszkę przy zakupie 9-paku",
    "Description": "",
    "Availability Start": "14.08",
    "Availability End": "16.08",
    "Ceny": {
      "Cena_regularna": "",
      "Cena_promocyjna": "",
      "Jednostka": "",
      "Cena_za_jednostkę": "",
      "Procent_rabat": ""
    },
    "Warianty": {
      "Opcje": "",
      "Limit": ""
    }
  },
  {
    "URL": "https://www.biedronka.pl/pl/product,id,450411",
    "Title": "Kiszka ziemniaczana Gzella, 580 g - Produkt - Biedronka.pl",
    "Product Unavailable": "",
    "PLN": "8",
    "GR": "99",
    "Amount Info": "cena za 1 opak. przy zakupie 2 opak.",
    "Description": "Cena regularna: 12,99 zł/opak. (22,40 zł/kg), 30% taniejCena przed obniżką: 12,99 zł/opak., 30% mniej",
    "Availability Start": "14.08",
    "Availability End": "16.08",
    "Ceny": {
      "Cena_regularna": "12.99",
      "Cena_promocyjna": "9.09",
      "Jednostka": "/opak",
      "Cena_za_jednostkę": "",
      "Procent_rabat": "30"
    },
    "Warianty": {
      "Opcje": "",
      "Limit": ""
    }
  },
  {
    "URL": "https://www.biedronka.pl/pl/product,id,450351",
    "Title": "Schab pieczony Duda - Produkt - Biedronka.pl",
    "Product Unavailable": "",
    "PLN": "2",
    "GR": "49",
    "Amount Info": "/100 g",
    "Description": "Cena regularna: 32,90 zł/kg, 24% taniejCena przed obniżką: 32,90 zł/kg, 24% mniejOferta dostępna w sklepach z ladą tradycyjną.",
    "Availability Start": "14.08",
    "Availability End": "16.08",
    "Ceny": {
      "Cena_regularna": "32.90",
      "Cena_promocyjna": "25.00",
      "Jednostka": "/kg",
      "Cena_za_jednostkę": "",
      "Procent_rabat": "24"
    },
    "Warianty": {
      "Opcje": "",
      "Limit": ""
    }
  },
  {
    "URL": "https://www.biedronka.pl/pl/product,id,450432",
    "Title": "Ser Koryciński swojski Zarzeccy - Produkt - Biedronka.pl",
    "Product Unavailable": "",
    "PLN": "6",
    "GR": "49",
    "Amount Info": "/100 g",
    "Description": "z kozieradką, z pomidorem",
    "Availability Start": "14.08",
    "Availability End": "20.08",
    "Ceny": {
      "Cena_regularna": "",
      "Cena_promocyjna": "",
      "Jednostka": "",
      "Cena_za_jednostkę": "",
      "Procent_rabat": ""
    },
    "Warianty": {
      "Opcje": "",
      "Limit": ""
    }
  },
  {
    "URL": "https://www.biedronka.pl/pl/product,id,450392",
    "Title": "Karkówka grillowa Czas na Grill, Mega Paka - Produkt - Biedronka.pl",
    "Product Unavailable": "",
    "PLN": "8",
    "GR": "99",
    "Amount Info": "/kg",
    "Description": "Cena regularna: 29,99 zł/kg (3,00 zł/100 g), 70% taniejCena przed obniżką: 29,99 zł/kg, 70% mniejCena promocyjna bez aplikacji: 14,99 zł/kg (1,50 zł/100 g), 50% taniejLimit łączny w okresie promocji - 4 kg na konto Moja Biedronka.",
    "Availability Start": "14.08",
    "Availability End": "14.08",
    "Ceny": {
      "Cena_regularna": "29.99",
      "Cena_promocyjna": "9.00",
      "Jednostka": "/kg",
      "Cena_za_jednostkę": "",
      "Procent_rabat": "70"
    },
    "Warianty": {
      "Opcje": "",
      "Limit": ""
    }
  },
  {
    "URL": "https://www.biedronka.pl/pl/product,id,450251",
    "Title": "Maszynki jednorazowe Gillette, 4 szt. - Produkt - Biedronka.pl",
    "Product Unavailable": "",
    "PLN": "15",
    "GR": "99",
    "Amount Info": "cena za 1 opak. przy zakupie 2 opak.",
    "Description": "Blue3, Venus",
    "Availability Start": "11.08",
    "Availability End": "16.08",
    "Ceny": {
      "Cena_regularna": "",
      "Cena_promocyjna": "",
      "Jednostka": "",
      "Cena_za_jednostkę": "",
      "Procent_rabat": ""
    },
    "Warianty": {
      "Opcje": "",
      "Limit": ""
    }
  },
  {
    "URL": "https://www.biedronka.pl/pl/product,id,450450",
    "Title": "Lawasz Adana Kebab, 650 g - Produkt - Biedronka.pl",
    "Product Unavailable": "",
    "PLN": "8",
    "GR": "99",
    "Amount Info": "/opak.",
    "Description": "",
    "Availability Start": "14.08",
    "Availability End": "16.08",
    "Ceny": {
      "Cena_regularna": "",
      "Cena_promocyjna": "",
      "Jednostka": "",
      "Cena_za_jednostkę": "",
      "Procent_rabat": ""
    },
    "Warianty": {
      "Opcje": "",
      "Limit": ""
    }
  },
  {
    "URL": "https://www.biedronka.pl/pl/product,id,450272",
    "Title": "Wkładki higieniczne Femina Classic, 60 szt. - Produkt - Biedronka.pl",
    "Product Unavailable": "",
    "PLN": "4",
    "GR": "49",
    "Amount Info": "cena za 1 opak. przy zakupie 2 opak.",
    "Description": "Cena regularna: 5,49 zł/opak. (0,09 zł/szt.), 18% taniejNajniższa cena z 30 dni przed obniżką: 3,99 zł/opak.",
    "Availability Start": "11.08",
    "Availability End": "16.08",
    "Ceny": {
      "Cena_regularna": "5.49",
      "Cena_promocyjna": "4.50",
      "Jednostka": "/opak",
      "Cena_za_jednostkę": "",
      "Procent_rabat": "18"
    },
    "Warianty": {
      "Opcje": "",
      "Limit": ""
    }
  },
  {
    "URL": "https://www.biedronka.pl/pl/product,id,450292",
    "Title": "Wkład olejowy do zniczy Lumia, 340 g - Produkt - Biedronka.pl",
    "Product Unavailable": "",
    "PLN": "4",
    "GR": "99",
    "Amount Info": "cena za 1 szt. przy zakupie 4 szt.",
    "Description": "Cena regularna: 6,49 zł/szt. (19,09 zł/kg), 23% taniejNajniższa cena z 30 dni przed obniżką: 4,99 zł/szt.",
    "Availability Start": "11.08",
    "Availability End": "16.08",
    "Ceny": {
      "Cena_regularna": "6.49",
      "Cena_promocyjna": "5.00",
      "Jednostka": "/szt",
      "Cena_za_jednostkę": "",
      "Procent_rabat": "23"
    },
    "Warianty": {
      "Opcje": "",
      "Limit": ""
    }
  },
  {
    "URL": "https://www.biedronka.pl/pl/product,id,450271",
    "Title": "Podpaski Bella Normal, 20 szt. - Produkt - Biedronka.pl",
    "Product Unavailable": "",
    "PLN": "3",
    "GR": "99",
    "Amount Info": "cena za 1 opak. przy zakupie 3 opak.",
    "Description": "Cena regularna: 4,49 zł/opak. (0,22 zł/szt.), 11% taniejNajniższa cena z 30 dni przed obniżką: 4,49 zł/opak., 11% mniej",
    "Availability Start": "11.08",
    "Availability End": "16.08",
    "Ceny": {
      "Cena_regularna": "4.49",
      "Cena_promocyjna": "4.00",
      "Jednostka": "/opak",
      "Cena_za_jednostkę": "",
      "Procent_rabat": "11"
    },
    "Warianty": {
      "Opcje": "",
      "Limit": ""
    }
  },
  {
    "URL": "https://www.biedronka.pl/pl/product,id,450410",
    "Title": "Kiełbasa śląska z szynki Kraina Wędlin Select, 450 g - Produkt - Biedronka.pl",
    "Product Unavailable": "",
    "PLN": "10",
    "GR": "99",
    "Amount Info": "cena za 1 opak. przy zakupie 2 opak.",
    "Description": "Cena regularna: 14,59 zł/opak. (32,42 zł/kg), 24% taniejCena przed obniżką: 14,59 zł/opak., 24% mniejLimit dzienny 6 opak. na kartę Moja Biedronka",
    "Availability Start": "14.08",
    "Availability End": "16.08",
    "Ceny": {
      "Cena_regularna": "14.59",
      "Cena_promocyjna": "11.09",
      "Jednostka": "/opak",
      "Cena_za_jednostkę": "",
      "Procent_rabat": "24"
    },
    "Warianty": {
      "Opcje": "",
      "Limit": "6"
    }
  },
  {
    "URL": "https://www.biedronka.pl/pl/product,id,450372",
    "Title": "Cukinia na wagę - Produkt - Biedronka.pl",
    "Product Unavailable": "",
    "PLN": "5",
    "GR": "99",
    "Amount Info": "/kg",
    "Description": "",
    "Availability Start": "14.08",
    "Availability End": "16.08",
    "Ceny": {
      "Cena_regularna": "",
      "Cena_promocyjna": "",
      "Jednostka": "",
      "Cena_za_jednostkę": "",
      "Procent_rabat": ""
    },
    "Warianty": {
      "Opcje": "",
      "Limit": ""
    }
  },
  {
    "URL": "https://www.biedronka.pl/pl/product,id,450252",
    "Title": "Żel do golenia Skino, 200 ml - Produkt - Biedronka.pl",
    "Product Unavailable": "",
    "PLN": "4",
    "GR": "99",
    "Amount Info": "cena za 1 opak. przy zakupie 2 opak.",
    "Description": "Sensitive, NormalCena regularna: 6,99 zł/opak. (34,95 zł/l), 28% taniejNajniższa cena z 30 dni przed obniżką: 4,99 zł/opak.",
    "Availability Start": "11.08",
    "Availability End": "16.08",
    "Ceny": {
      "Cena_regularna": "6.99",
      "Cena_promocyjna": "5.03",
      "Jednostka": "/opak",
      "Cena_za_jednostkę": "",
      "Procent_rabat": "28"
    },
    "Warianty": {
      "Opcje": "",
      "Limit": ""
    }
  },
  {
    "URL": "https://www.biedronka.pl/pl/product,id,450371",
    "Title": "Bakłażan na wagę - Produkt - Biedronka.pl",
    "Product Unavailable": "",
    "PLN": "9",
    "GR": "99",
    "Amount Info": "/kg",
    "Description": "",
    "Availability Start": "14.08",
    "Availability End": "16.08",
    "Ceny": {
      "Cena_regularna": "",
      "Cena_promocyjna": "",
      "Jednostka": "",
      "Cena_za_jednostkę": "",
      "Procent_rabat": ""
    },
    "Warianty": {
      "Opcje": "",
      "Limit": ""
    }
  },
  {
    "URL": "https://www.biedronka.pl/pl/product,id,450293",
    "Title": "Wkłady zalewane Lumia, 3x260 g lub 4x200 g - Produkt - Biedronka.pl",
    "Product Unavailable": "",
    "PLN": "13",
    "GR": "99",
    "Amount Info": "cena za 1 opak. przy zakupie 2 opak.",
    "Description": "Cena regularna: 17,99 zł/opak. (6,00/4,50 zł/szt.), 22% taniejNajniższa cena z 30 dni przed obniżką: 11,99 zł/opak.",
    "Availability Start": "11.08",
    "Availability End": "16.08",
    "Ceny": {
      "Cena_regularna": "17.99",
      "Cena_promocyjna": "14.03",
      "Jednostka": "/opak",
      "Cena_za_jednostkę": "",
      "Procent_rabat": "22"
    },
    "Warianty": {
      "Opcje": "",
      "Limit": ""
    }
  },
  {
    "URL": "https://www.biedronka.pl/pl/product,id,450313",
    "Title": "Piwo Harnaś, 12x500 ml - Produkt - Biedronka.pl",
    "Product Unavailable": "",
    "PLN": "2",
    "GR": "29",
    "Amount Info": "cena za 1 puszkę przy zakupie 12-paku",
    "Description": "Cena regularna: 2,99 zł/puszka (5,98 zł/l), 23% taniejNajniższa cena z 30 dni przed obniżką: 1,99 zł/puszkaLimit dzienny 12 puszek na kartę Moja Biedronka.",
    "Availability Start": "14.08",
    "Availability End": "16.08",
    "Ceny": {
      "Cena_regularna": "2.99",
      "Cena_promocyjna": "2.30",
      "Jednostka": "/puszka",
      "Cena_za_jednostkę": "",
      "Procent_rabat": "23"
    },
    "Warianty": {
      "Opcje": "",
      "Limit": "12"
    }
  },
  {
    "URL": "https://www.biedronka.pl/pl/product,id,450412",
    "Title": "Zestaw grillowy wieprzowyw marynacie Czas na Grill - Produkt - Biedronka.pl",
    "Product Unavailable": "",
    "PLN": "19",
    "GR": "99",
    "Amount Info": "/kg",
    "Description": "karkówka, szynka, boczekCena regularna: 29,99 zł/kg, 33% taniejCena przed obniżką: 29,99 zł/kg, 33% mniej",
    "Availability Start": "14.08",
    "Availability End": "16.08",
    "Ceny": {
      "Cena_regularna": "29.99",
      "Cena_promocyjna": "20.09",
      "Jednostka": "/kg",
      "Cena_za_jednostkę": "",
      "Procent_rabat": "33"
    },
    "Warianty": {
      "Opcje": "",
      "Limit": ""
    }
  },
  {
    "URL": "https://www.biedronka.pl/pl/product,id,450253",
    "Title": "Pianka do golenia lub Żel do golenia NIVEA MEN, 200 ml - Produkt - Biedronka.pl",
    "Product Unavailable": "",
    "PLN": "14",
    "GR": "99",
    "Amount Info": "cena za 1 opak. przy zakupie 2 opak.",
    "Description": "różne rodzaje",
    "Availability Start": "11.08",
    "Availability End": "16.08",
    "Ceny": {
      "Cena_regularna": "",
      "Cena_promocyjna": "",
      "Jednostka": "",
      "Cena_za_jednostkę": "",
      "Procent_rabat": ""
    },
    "Warianty": {
      "Opcje": "",
      "Limit": ""
    }
  },
  {
    "URL": "https://www.biedronka.pl/pl/product,id,450332",
    "Title": "Szynka wieprzowa bez kości - Produkt - Biedronka.pl",
    "Product Unavailable": "",
    "PLN": "13",
    "GR": "99",
    "Amount Info": "/kg",
    "Description": "Cena regularna: 20,99 zł/kg, 33% taniejCena przed obniżką: 20,99 zł/kg, 33% mniejLimit dzienny 3 kg na kartę Moja Biedronka.Oferta dostępna w sklepach z ladą tradycyjną.",
    "Availability Start": "14.08",
    "Availability End": "16.08",
    "Ceny": {
      "Cena_regularna": "20.99",
      "Cena_promocyjna": "14.06",
      "Jednostka": "/kg",
      "Cena_za_jednostkę": "",
      "Procent_rabat": "33"
    },
    "Warianty": {
      "Opcje": "",
      "Limit": "3"
    }
  },
  {
    "URL": "https://www.biedronka.pl/pl/product,id,450434",
    "Title": "Mieszanka sałat z rukolą Vital Fresh, 160 g - Produkt - Biedronka.pl",
    "Product Unavailable": "",
    "PLN": "4",
    "GR": "79",
    "Amount Info": "/opak.",
    "Description": "Cena regularna: 5,49 zł/opak., 12% taniejCena przed obniżką: 5,49 zł/opak., 12% mniej",
    "Availability Start": "14.08",
    "Availability End": "16.08",
    "Ceny": {
      "Cena_regularna": "5.49",
      "Cena_promocyjna": "4.83",
      "Jednostka": "/opak",
      "Cena_za_jednostkę": "",
      "Procent_rabat": "12"
    },
    "Warianty": {
      "Opcje": "",
      "Limit": ""
    }
  },
  {
    "URL": "https://www.biedronka.pl/pl/product,id,450354",
    "Title": "Golonko w galarecie Madej Wróbel - Produkt - Biedronka.pl",
    "Product Unavailable": "",
    "PLN": "2",
    "GR": "29",
    "Amount Info": "/100 g",
    "Description": "Cena regularna: 29,90 zł/kg, 23% taniejCena przed obniżką: 29,90 zł/kg, 23% mniejOferta dostępna w sklepach z ladą tradycyjną.",
    "Availability Start": "14.08",
    "Availability End": "16.08",
    "Ceny": {
      "Cena_regularna": "29.90",
      "Cena_promocyjna": "23.02",
      "Jednostka": "/kg",
      "Cena_za_jednostkę": "",
      "Procent_rabat": "23"
    },
    "Warianty": {
      "Opcje": "",
      "Limit": ""
    }
  },
  {
    "URL": "https://www.biedronka.pl/pl/product,id,450353",
    "Title": "Kiełbasa śląska Madej Wróbel - Produkt - Biedronka.pl",
    "Product Unavailable": "",
    "PLN": "1",
    "GR": "79",
    "Amount Info": "/100 g",
    "Description": "Cena regularna: 22,90 zł/kg, 21% taniejCena przed obniżką: 22,90 zł/kg, 21% mniejOferta dostępna w sklepach z ladą tradycyjną.",
    "Availability Start": "14.08",
    "Availability End": "16.08",
    "Ceny": {
      "Cena_regularna": "22.90",
      "Cena_promocyjna": "18.09",
      "Jednostka": "/kg",
      "Cena_za_jednostkę": "",
      "Procent_rabat": "21"
    },
    "Warianty": {
      "Opcje": "",
      "Limit": ""
    }
  },
  {
    "URL": "https://www.biedronka.pl/pl/product,id,450374",
    "Title": "Pomidor mini San Marzano, gałązka, opak. 300 g - Produkt - Biedronka.pl",
    "Product Unavailable": "",
    "PLN": "8",
    "GR": "99",
    "Amount Info": "/opak.",
    "Description": "",
    "Availability Start": "14.08",
    "Availability End": "16.08",
    "Ceny": {
      "Cena_regularna": "",
      "Cena_promocyjna": "",
      "Jednostka": "",
      "Cena_za_jednostkę": "",
      "Procent_rabat": ""
    },
    "Warianty": {
      "Opcje": "",
      "Limit": ""
    }
  },
  {
    "URL": "https://www.biedronka.pl/pl/product,id,450314",
    "Title": "Piwo Amber, 500 ml - Produkt - Biedronka.pl",
    "Product Unavailable": "",
    "PLN": "4",
    "GR": "99",
    "Amount Info": "/but.",
    "Description": "Johannes, Złote Lwy",
    "Availability Start": "14.08",
    "Availability End": "16.08",
    "Ceny": {
      "Cena_regularna": "",
      "Cena_promocyjna": "",
      "Jednostka": "",
      "Cena_za_jednostkę": "",
      "Procent_rabat": ""
    },
    "Warianty": {
      "Opcje": "",
      "Limit": ""
    }
  },
  {
    "URL": "https://www.biedronka.pl/pl/product,id,450433",
    "Title": "Antipasti z hummusem Go Vege, 180 g - Produkt - Biedronka.pl",
    "Product Unavailable": "",
    "PLN": "7",
    "GR": "99",
    "Amount Info": "/opak.",
    "Description": "różne rodzaje",
    "Availability Start": "14.08",
    "Availability End": "16.08",
    "Ceny": {
      "Cena_regularna": "",
      "Cena_promocyjna": "",
      "Jednostka": "",
      "Cena_za_jednostkę": "",
      "Procent_rabat": ""
    },
    "Warianty": {
      "Opcje": "",
      "Limit": ""
    }
  },
  {
    "URL": "https://www.biedronka.pl/pl/product,id,450333",
    "Title": "Szynka farmerska Duda - Produkt - Biedronka.pl",
    "Product Unavailable": "",
    "PLN": "2",
    "GR": "49",
    "Amount Info": "/100 g",
    "Description": "Cena regularna: 33,90 zł/kg (3,39 zł/100 g), 26% taniejCena przed obniżką: 33,90 zł/kg, 26% mniejOferta dostępna w sklepach z ladą tradycyjną.",
    "Availability Start": "14.08",
    "Availability End": "16.08",
    "Ceny": {
      "Cena_regularna": "33.90",
      "Cena_promocyjna": "25.09",
      "Jednostka": "/kg",
      "Cena_za_jednostkę": "",
      "Procent_rabat": "26"
    },
    "Warianty": {
      "Opcje": "",
      "Limit": ""
    }
  },
  {
    "URL": "https://www.biedronka.pl/pl/product,id,450373",
    "Title": "Kukurydza kolba, szt. - Produkt - Biedronka.pl",
    "Product Unavailable": "",
    "PLN": "1",
    "GR": "99",
    "Amount Info": "cena za 1 szt. przy zakupie 2 szt.",
    "Description": "Cena regularna: 3,98 zł/szt., 50% taniejCena przed obniżką: 3,98 zł/szt., 50% mniej",
    "Availability Start": "14.08",
    "Availability End": "16.08",
    "Ceny": {
      "Cena_regularna": "3.98",
      "Cena_promocyjna": "1.99",
      "Jednostka": "/szt",
      "Cena_za_jednostkę": "",
      "Procent_rabat": "50"
    },
    "Warianty": {
      "Opcje": "",
      "Limit": ""
    }
  },
  {
    "URL": "https://www.biedronka.pl/pl/product,id,450294",
    "Title": "Karma dla psa Activ Pet, 400 g - Produkt - Biedronka.pl",
    "Product Unavailable": "",
    "PLN": "4",
    "GR": "69",
    "Amount Info": "cena za 1 puszkę przy zakupie 3 puszek",
    "Description": "różne rodzajeCena regularna: 5,99 zł/puszka (14,98 zł/kg), 21% taniejNajniższa cena z 30 dni przed obniżką: 3,99 zł/puszka",
    "Availability Start": "11.08",
    "Availability End": "16.08",
    "Ceny": {
      "Cena_regularna": "5.99",
      "Cena_promocyjna": "4.73",
      "Jednostka": "/puszka",
      "Cena_za_jednostkę": "",
      "Procent_rabat": "21"
    },
    "Warianty": {
      "Opcje": "",
      "Limit": ""
    }
  },
  {
    "URL": "https://www.biedronka.pl/pl/product,id,450254",
    "Title": "Nestlé Nan Optipro Plus, 800 g - Produkt - Biedronka.pl",
    "Product Unavailable": "",
    "PLN": "59",
    "GR": "99",
    "Amount Info": "cena za 1 opak. przy zakupie 2 opak.",
    "Description": "2, 3, 4, 5Karmienie piersią jest najlepszym sposobem żywienia niemowląt i powinno być kontynuowane tak długo, jak to możliwe. Zanim zdecydujesz się stosować mleko modyfikowane, zasięgnij porady lekarza.",
    "Availability Start": "11.08",
    "Availability End": "16.08",
    "Ceny": {
      "Cena_regularna": "",
      "Cena_promocyjna": "",
      "Jednostka": "",
      "Cena_za_jednostkę": "",
      "Procent_rabat": ""
    },
    "Warianty": {
      "Opcje": "",
      "Limit": ""
    }
  },
  {
    "URL": "https://www.biedronka.pl/pl/product,id,450274",
    "Title": "Wkładki higieniczne Discreet, 50/60/52 szt. - Produkt - Biedronka.pl",
    "Product Unavailable": "",
    "PLN": "9",
    "GR": "99",
    "Amount Info": "cena za 1 szt. przy zakupie 2 szt.",
    "Description": "różne rodzajeCena regularna: 12,69 zł/opak. (0,25/0,21/0,24 zł/szt.), 21% taniejNajniższa cena z 30 dni przed obniżką: 12,69 zł/opak., 21% mniej",
    "Availability Start": "11.08",
    "Availability End": "16.08",
    "Ceny": {
      "Cena_regularna": "12.69",
      "Cena_promocyjna": "10.03",
      "Jednostka": "/opak",
      "Cena_za_jednostkę": "",
      "Procent_rabat": "21"
    },
    "Warianty": {
      "Opcje": "",
      "Limit": ""
    }
  },
  {
    "URL": "https://www.biedronka.pl/pl/product,id,450295",
    "Title": "Sucha karma dla psa Puffi, 10 kg - Produkt - Biedronka.pl",
    "Product Unavailable": "",
    "PLN": "29",
    "GR": "99",
    "Amount Info": "/opak.",
    "Description": "z kurczakiem, z wołowinąCena regularna: 35,89 zł/opak., 16% taniejNajniższa cena z 30 dni przed obniżką: 29,99 zł/opak.",
    "Availability Start": "11.08",
    "Availability End": "16.08",
    "Ceny": {
      "Cena_regularna": "35.89",
      "Cena_promocyjna": "30.15",
      "Jednostka": "/opak",
      "Cena_za_jednostkę": "",
      "Procent_rabat": "16"
    },
    "Warianty": {
      "Opcje": "",
      "Limit": ""
    }
  },
  {
    "URL": "https://www.biedronka.pl/pl/product,id,450395",
    "Title": "Sok 100% jabłko-pomarańcza Tymbark, 3x1 l - Produkt - Biedronka.pl",
    "Product Unavailable": "",
    "PLN": "4",
    "GR": "49",
    "Amount Info": "cena za 1 but. przy zakupie 3-paku",
    "Description": "",
    "Availability Start": "14.08",
    "Availability End": "16.08",
    "Ceny": {
      "Cena_regularna": "",
      "Cena_promocyjna": "",
      "Jednostka": "",
      "Cena_za_jednostkę": "",
      "Procent_rabat": ""
    },
    "Warianty": {
      "Opcje": "",
      "Limit": ""
    }
  },
  {
    "URL": "https://www.biedronka.pl/pl/product,id,450275",
    "Title": "Kapsułki do prania Ariel All in One Pods, 22 szt. - Produkt - Biedronka.pl",
    "Product Unavailable": "",
    "PLN": "28",
    "GR": "59",
    "Amount Info": "cena za 1 opak. przy zakupie 2 opak.",
    "Description": "Cena regularna: 43,99 zł/opak. (2,00 zł/szt.), 35% taniejNajniższa cena z 30 dni przed obniżką: 22,00 zł/opak.",
    "Availability Start": "11.08",
    "Availability End": "16.08",
    "Ceny": {
      "Cena_regularna": "43.99",
      "Cena_promocyjna": "28.59",
      "Jednostka": "/opak",
      "Cena_za_jednostkę": "",
      "Procent_rabat": "35"
    },
    "Warianty": {
      "Opcje": "",
      "Limit": ""
    }
  },
  {
    "URL": "https://www.biedronka.pl/pl/product,id,450355",
    "Title": "Ser magnacki z zielonym pesto - Produkt - Biedronka.pl",
    "Product Unavailable": "",
    "PLN": "3",
    "GR": "99",
    "Amount Info": "/100 g",
    "Description": "Cena regularna: 49,90 zł/kg, 20% taniejCena przed obniżką: 49,90 zł/kg, 20% mniejOferta dostępna w sklepach z ladą tradycyjną.",
    "Availability Start": "14.08",
    "Availability End": "16.08",
    "Ceny": {
      "Cena_regularna": "49.90",
      "Cena_promocyjna": "39.92",
      "Jednostka": "/kg",
      "Cena_za_jednostkę": "",
      "Procent_rabat": "20"
    },
    "Warianty": {
      "Opcje": "",
      "Limit": ""
    }
  },
  {
    "URL": "https://www.biedronka.pl/pl/product,id,450335",
    "Title": "Sushi Toshii, 400 g - Produkt - Biedronka.pl",
    "Product Unavailable": "",
    "PLN": "12",
    "GR": "99",
    "Amount Info": "cena za 1 opak. przy zakupie 2 opak.",
    "Description": "Cena regularna: 15,99 zł/opak. (39,98 zł/kg), 18% taniejCena przed obniżką: 15,99 zł/opak., 18% mniej",
    "Availability Start": "14.08",
    "Availability End": "16.08",
    "Ceny": {
      "Cena_regularna": "15.99",
      "Cena_promocyjna": "13.11",
      "Jednostka": "/opak",
      "Cena_za_jednostkę": "",
      "Procent_rabat": "18"
    },
    "Warianty": {
      "Opcje": "",
      "Limit": ""
    }
  },
  {
    "URL": "https://www.biedronka.pl/pl/product,id,450255",
    "Title": "Mus owocowy Vital Fresh, 6x100 g - Produkt - Biedronka.pl",
    "Product Unavailable": "",
    "PLN": "9",
    "GR": "99",
    "Amount Info": "cena za 6-pak przy zakupie 2x6-paku",
    "Description": "Cena regularna: 13,99 zł/6-pak (23,32 zł/kg), 28% taniejNajniższa cena z 30 dni przed obniżką: 7,99 zł/6-pak",
    "Availability Start": "11.08",
    "Availability End": "16.08",
    "Ceny": {
      "Cena_regularna": "13.99",
      "Cena_promocyjna": "10.07",
      "Jednostka": "/6",
      "Cena_za_jednostkę": "",
      "Procent_rabat": "28"
    },
    "Warianty": {
      "Opcje": "",
      "Limit": ""
    }
  },
  {
    "URL": "https://www.biedronka.pl/pl/product,id,450394",
    "Title": "Napój gazowany, 4x2 l - Produkt - Biedronka.pl",
    "Product Unavailable": "",
    "PLN": "6",
    "GR": "39",
    "Amount Info": "cena za 1 but. przy zakupie 4-paku",
    "Description": "Pepsi, Pepsi Zero",
    "Availability Start": "14.08",
    "Availability End": "16.08",
    "Ceny": {
      "Cena_regularna": "",
      "Cena_promocyjna": "",
      "Jednostka": "",
      "Cena_za_jednostkę": "",
      "Procent_rabat": ""
    },
    "Warianty": {
      "Opcje": "",
      "Limit": ""
    }
  },
  {
    "URL": "https://www.biedronka.pl/pl/product,id,450273",
    "Title": "Tampony Femina Essential protection, 32 szt. - Produkt - Biedronka.pl",
    "Product Unavailable": "",
    "PLN": "5",
    "GR": "99",
    "Amount Info": "cena za 1 opak. przy zakupie 2 opak.",
    "Description": "różne rodzajeCena regularna: 6,79 zł/opak. (0,21 zł/szt.), 11% taniejNajniższa cena z 30 dni przed obniżką: 5,09 zł/opak.",
    "Availability Start": "11.08",
    "Availability End": "16.08",
    "Ceny": {
      "Cena_regularna": "6.79",
      "Cena_promocyjna": "6.04",
      "Jednostka": "/opak",
      "Cena_za_jednostkę": "",
      "Procent_rabat": "11"
    },
    "Warianty": {
      "Opcje": "",
      "Limit": ""
    }
  },
  {
    "URL": "https://www.biedronka.pl/pl/product,id,450334",
    "Title": "Mięso mielone z łopatki wieprzowej Kraina Mięs, 500 g - Produkt - Biedronka.pl",
    "Product Unavailable": "",
    "PLN": "5",
    "GR": "49",
    "Amount Info": "cena za 1 opak. przy zakupie 2 opak.",
    "Description": "Cena regularna: 10,99 zł/opak. (21,98 zł/kg), 50% taniejCena przed obniżką: 10,99 zł/opak., 50% mniejLimit dzienny - 4 opak. na kartę Moja Biedronka.",
    "Availability Start": "14.08",
    "Availability End": "16.08",
    "Ceny": {
      "Cena_regularna": "10.99",
      "Cena_promocyjna": "5.50",
      "Jednostka": "/opak",
      "Cena_za_jednostkę": "",
      "Procent_rabat": "50"
    },
    "Warianty": {
      "Opcje": "",
      "Limit": ""
    }
  },
  {
    "URL": "https://www.biedronka.pl/pl/product,id,450315",
    "Title": "Piwo bezalkoholowe Mango Ale Browar Grodzisk, 500 ml - Produkt - Biedronka.pl",
    "Product Unavailable": "",
    "PLN": "5",
    "GR": "49",
    "Amount Info": "/but.",
    "Description": "",
    "Availability Start": "14.08",
    "Availability End": "16.08",
    "Ceny": {
      "Cena_regularna": "",
      "Cena_promocyjna": "",
      "Jednostka": "",
      "Cena_za_jednostkę": "",
      "Procent_rabat": ""
    },
    "Warianty": {
      "Opcje": "",
      "Limit": ""
    }
  },
  {
    "URL": "https://www.biedronka.pl/pl/product,id,450415",
    "Title": "Polędwiczki z kurczaka w marynacie jogurtowo-morelowej Czas na Grill, 400 g - Produkt - Biedronka.pl",
    "Product Unavailable": "",
    "PLN": "14",
    "GR": "99",
    "Amount Info": "/opak.",
    "Description": "",
    "Availability Start": "14.08",
    "Availability End": "16.08",
    "Ceny": {
      "Cena_regularna": "",
      "Cena_promocyjna": "",
      "Jednostka": "",
      "Cena_za_jednostkę": "",
      "Procent_rabat": ""
    },
    "Warianty": {
      "Opcje": "",
      "Limit": ""
    }
  },
  {
    "URL": "https://www.biedronka.pl/pl/product,id,450435",
    "Title": "Piwoszki Morliny, 900 g - Produkt - Biedronka.pl",
    "Product Unavailable": "",
    "PLN": "18",
    "GR": "99",
    "Amount Info": "/opak.",
    "Description": "",
    "Availability Start": "14.08",
    "Availability End": "16.08",
    "Ceny": {
      "Cena_regularna": "",
      "Cena_promocyjna": "",
      "Jednostka": "",
      "Cena_za_jednostkę": "",
      "Procent_rabat": ""
    },
    "Warianty": {
      "Opcje": "",
      "Limit": ""
    }
  },
  {
    "URL": "https://www.biedronka.pl/pl/product,id,450414",
    "Title": "Polędwiczki z kurczaka w marynacie mango lassi Czas na Grill, 400 g - Produkt - Biedronka.pl",
    "Product Unavailable": "",
    "PLN": "14",
    "GR": "99",
    "Amount Info": "/opak.",
    "Description": "",
    "Availability Start": "14.08",
    "Availability End": "16.08",
    "Ceny": {
      "Cena_regularna": "",
      "Cena_promocyjna": "",
      "Jednostka": "",
      "Cena_za_jednostkę": "",
      "Procent_rabat": ""
    },
    "Warianty": {
      "Opcje": "",
      "Limit": ""
    }
  },
  {
    "URL": "https://www.biedronka.pl/pl/product,id,450393",
    "Title": "Napój gazowany Coca-Cola, 4x500 ml - Produkt - Biedronka.pl",
    "Product Unavailable": "",
    "PLN": "3",
    "GR": "99",
    "Amount Info": "cena za 1 but. przy zakupie 4-paku",
    "Description": "",
    "Availability Start": "14.08",
    "Availability End": "16.08",
    "Ceny": {
      "Cena_regularna": "",
      "Cena_promocyjna": "",
      "Jednostka": "",
      "Cena_za_jednostkę": "",
      "Procent_rabat": ""
    },
    "Warianty": {
      "Opcje": "",
      "Limit": ""
    }
  },
  {
    "URL": "https://www.biedronka.pl/pl/product,id,450413",
    "Title": "Zestaw grillowy wieprzowo-drobiowyMorliny - Produkt - Biedronka.pl",
    "Product Unavailable": "",
    "PLN": "29",
    "GR": "99",
    "Amount Info": "/kg",
    "Description": "",
    "Availability Start": "14.08",
    "Availability End": "16.08",
    "Ceny": {
      "Cena_regularna": "",
      "Cena_promocyjna": "",
      "Jednostka": "",
      "Cena_za_jednostkę": "",
      "Procent_rabat": ""
    },
    "Warianty": {
      "Opcje": "",
      "Limit": ""
    }
  },
  {
    "URL": "https://www.biedronka.pl/pl/product,id,450236",
    "Title": "Pasta do zębów Lacalut, 75 ml - Produkt - Biedronka.pl",
    "Product Unavailable": "",
    "PLN": "9",
    "GR": "99",
    "Amount Info": "cena za 1 opak. przy zakupie 2 opak.",
    "Description": "aktiv, sensitiveCena regularna: 11,99 zł/opak. (159,87 zł/l), 16% taniejNajniższa cena z 30 dni przed obniżką: 7,99 zł/opak.",
    "Availability Start": "11.08",
    "Availability End": "16.08",
    "Ceny": {
      "Cena_regularna": "11.99",
      "Cena_promocyjna": "10.07",
      "Jednostka": "/opak",
      "Cena_za_jednostkę": "",
      "Procent_rabat": "16"
    },
    "Warianty": {
      "Opcje": "",
      "Limit": ""
    }
  },
  {
    "URL": "https://www.biedronka.pl/pl/product,id,450375",
    "Title": "Mango dojrzałe, szt. - Produkt - Biedronka.pl",
    "Product Unavailable": "",
    "PLN": "3",
    "GR": "99",
    "Amount Info": "/szt.",
    "Description": "Cena regularna: 8,99 zł/szt., 55% taniejCena przed obniżką: 8,99 zł/szt., 55% mniej",
    "Availability Start": "14.08",
    "Availability End": "16.08",
    "Ceny": {
      "Cena_regularna": "8.99",
      "Cena_promocyjna": "4.05",
      "Jednostka": "/szt",
      "Cena_za_jednostkę": "",
      "Procent_rabat": "55"
    },
    "Warianty": {
      "Opcje": "",
      "Limit": ""
    }
  },
  {
    "URL": "https://www.biedronka.pl/pl/product,id,450296",
    "Title": "Karma dla kota Kitty, 415 g - Produkt - Biedronka.pl",
    "Product Unavailable": "",
    "PLN": "1",
    "GR": "99",
    "Amount Info": "cena za 1 puszkę przy zakupie 5 puszek",
    "Description": "różne rodzajeCena regularna: 2,49 zł/puszka (6,00 zł/kg), 20% taniejNajniższa cena z 30 dni przed obniżką: 1,99 zł/puszka",
    "Availability Start": "11.08",
    "Availability End": "16.08",
    "Ceny": {
      "Cena_regularna": "2.49",
      "Cena_promocyjna": "1.99",
      "Jednostka": "/puszka",
      "Cena_za_jednostkę": "",
      "Procent_rabat": "20"
    },
    "Warianty": {
      "Opcje": "",
      "Limit": ""
    }
  }
]